2025-12-05 21:45:39 [INFO] [perp] Connected
2025-12-05 21:45:39 [INFO] [perp] Subscribed to streams: ['btcusdt@aggTrade']
2025-12-05 21:45:39 [DEBUG] [perp] Payload: None
2025-12-05 21:45:39 [DEBUG] [perp] Payload: {'e': 'aggTrade', 'E': 1764971139661, 'a': 2999488264, 's': 'BTCUSDT', 'p': '89230.30', 'q': '0.221', 'f': 6980571946, 'l': 6980571954, 'T': 1764971139658, 'm': False}
2025-12-05 21:45:39 [DEBUG] [perp] Payload: {'e': 'aggTrade', 'E': 1764971139661, 'a': 2999488265, 's': 'BTCUSDT', 'p': '89230.40', 'q': '0.005', 'f': 6980571955, 'l': 6980571956, 'T': 1764971139658, 'm': False}
2025-12-05 21:45:39 [DEBUG] [perp] Payload: {'e': 'aggTrade', 'E': 1764971139661, 'a': 2999488266, 's': 'BTCUSDT', 'p': '89230.50', 'q': '0.002', 'f': 6980571957, 'l': 6980571957, 'T': 1764971139658, 'm': False}
2025-12-05 21:45:39 [DEBUG] [perp] Payload: {'e': 'aggTrade', 'E': 1764971139661, 'a': 2999488267, 's': 'BTCUSDT', 'p': '89230.90', 'q': '0.005', 'f': 6980571958, 'l': 6980571959, 'T': 1764971139658, 'm': False}
2025-12-05 21:45:39 [DEBUG] [perp] Payload: {'e': 'aggTrade', 'E': 1764971139661, 'a': 2999488268, 's': 'BTCUSDT', 'p': '89231.70', 'q': '0.003', 'f': 6980571960, 'l': 6980571960, 'T': 1764971139658, 'm': False}
2025-12-05 21:45:39 [DEBUG] [perp] Payload: {'e': 'aggTrade', 'E': 1764971139661, 'a': 2999488269, 's': 'BTCUSDT', 'p': '89231.80', 'q': '0.003', 'f': 6980571961, 'l': 6980571961, 'T': 1764971139658, 'm': False}
2025-12-05 21:45:39 [DEBUG] [perp] Payload: {'e': 'aggTrade', 'E': 1764971139661, 'a': 2999488270, 's': 'BTCUSDT', 'p': '89232.00', 'q': '0.002', 'f': 6980571962, 'l': 6980571962, 'T': 1764971139659, 'm': False}
2025-12-05 21:45:39 [DEBUG] [perp] Payload: {'e': 'aggTrade', 'E': 1764971139661, 'a': 2999488271, 's': 'BTCUSDT', 'p': '89232.30', 'q': '0.005', 'f': 6980571963, 'l': 6980571964, 'T': 1764971139659, 'm': False}
2025-12-05 21:45:39 [DEBUG] [perp] Payload: {'e': 'aggTrade', 'E': 1764971139661, 'a': 2999488272, 's': 'BTCUSDT', 'p': '89232.40', 'q': '0.003', 'f': 6980571965, 'l': 6980571965, 'T': 1764971139659, 'm': False}
2025-12-05 21:45:39 [DEBUG] [perp] Payload: {'e': 'aggTrade', 'E': 1764971139664, 'a': 2999488273, 's': 'BTCUSDT', 'p': '89232.50', 'q': '0.005', 'f': 6980571966, 'l': 6980571967, 'T': 1764971139659, 'm': False}
2025-12-05 21:45:39 [DEBUG] [perp] Payload: {'e': 'aggTrade', 'E': 1764971139664, 'a': 2999488274, 's': 'BTCUSDT', 'p': '89232.70', 'q': '0.002', 'f': 6980571968, 'l': 6980571968, 'T': 1764971139661, 'm': False}
2025-12-05 21:45:39 [DEBUG] [perp] Payload: {'e': 'aggTrade', 'E': 1764971139664, 'a': 2999488275, 's': 'BTCUSDT', 'p': '89232.90', 'q': '0.003', 'f': 6980571969, 'l': 6980571969, 'T': 1764971139661, 'm': False}
2025-12-05 21:45:39 [DEBUG] [perp] Payload: {'e': 'aggTrade', 'E': 1764971139664, 'a': 2999488276, 's': 'BTCUSDT', 'p': '89233.00', 'q': '0.002', 'f': 6980571970, 'l': 6980571970, 'T': 1764971139661, 'm': False}
2025-12-05 21:45:39 [DEBUG] [perp] Payload: {'e': 'aggTrade', 'E': 1764971139664, 'a': 2999488277, 's': 'BTCUSDT', 'p': '89233.30', 'q': '0.004', 'f': 6980571971, 'l': 6980571972, 'T': 1764971139661, 'm': False}
2025-12-05 21:45:39 [DEBUG] [perp] Payload: {'e': 'aggTrade', 'E': 1764971139664, 'a': 2999488278, 's': 'BTCUSDT', 'p': '89233.40', 'q': '0.006', 'f': 6980571973, 'l': 6980571973, 'T': 1764971139661, 'm': False}
2025-12-05 21:45:39 [DEBUG] [perp] Payload: {'e': 'aggTrade', 'E': 1764971139664, 'a': 2999488279, 's': 'BTCUSDT', 'p': '89233.50', 'q': '0.003', 'f': 6980571974, 'l': 6980571974, 'T': 1764971139661, 'm': False}
2025-12-05 21:45:39 [DEBUG] [perp] Payload: {'e': 'aggTrade', 'E': 1764971139664, 'a': 2999488280, 's': 'BTCUSDT', 'p': '89234.00', 'q': '0.003', 'f': 6980571975, 'l': 6980571975, 'T': 1764971139661, 'm': False}
2025-12-05 21:45:39 [DEBUG] [perp] Payload: {'e': 'aggTrade', 'E': 1764971139664, 'a': 2999488281, 's': 'BTCUSDT', 'p': '89234.30', 'q': '0.002', 'f': 6980571976, 'l': 6980571976, 'T': 1764971139661, 'm': False}
2025-12-05 21:45:39 [DEBUG] [perp] Payload: {'e': 'aggTrade', 'E': 1764971139664, 'a': 2999488282, 's': 'BTCUSDT', 'p': '89234.50', 'q': '0.006', 'f': 6980571977, 'l': 6980571978, 'T': 1764971139661, 'm': False}
2025-12-05 21:45:39 [DEBUG] [perp] Payload: {'e': 'aggTrade', 'E': 1764971139664, 'a': 2999488283, 's': 'BTCUSDT', 'p': '89234.60', 'q': '0.002', 'f': 6980571979, 'l': 6980571979, 'T': 1764971139661, 'm': False}
2025-12-05 21:45:39 [DEBUG] [perp] Payload: {'e': 'aggTrade', 'E': 1764971139664, 'a': 2999488284, 's': 'BTCUSDT', 'p': '89234.70', 'q': '0.002', 'f': 6980571980, 'l': 6980571980, 'T': 1764971139661, 'm': False}
2025-12-05 21:45:39 [DEBUG] [perp] Payload: {'e': 'aggTrade', 'E': 1764971139664, 'a': 2999488285, 's': 'BTCUSDT', 'p': '89234.80', 'q': '0.003', 'f': 6980571981, 'l': 6980571981, 'T': 1764971139661, 'm': False}
2025-12-05 21:45:39 [DEBUG] [perp] Payload: {'e': 'aggTrade', 'E': 1764971139664, 'a': 2999488286, 's': 'BTCUSDT', 'p': '89234.90', 'q': '0.005', 'f': 6980571982, 'l': 6980571983, 'T': 1764971139661, 'm': False}
2025-12-05 21:45:39 [DEBUG] [perp] Payload: {'e': 'aggTrade', 'E': 1764971139664, 'a': 2999488287, 's': 'BTCUSDT', 'p': '89235.00', 'q': '0.007', 'f': 6980571984, 'l': 6980571986, 'T': 1764971139661, 'm': False}
2025-12-05 21:45:39 [DEBUG] [perp] Payload: {'e': 'aggTrade', 'E': 1764971139664, 'a': 2999488288, 's': 'BTCUSDT', 'p': '89235.10', 'q': '0.003', 'f': 6980571987, 'l': 6980571987, 'T': 1764971139661, 'm': False}
2025-12-05 21:45:39 [DEBUG] [perp] Payload: {'e': 'aggTrade', 'E': 1764971139664, 'a': 2999488289, 's': 'BTCUSDT', 'p': '89235.40', 'q': '0.002', 'f': 6980571988, 'l': 6980571988, 'T': 1764971139661, 'm': False}
2025-12-05 21:45:39 [DEBUG] [perp] Payload: {'e': 'aggTrade', 'E': 1764971139664, 'a': 2999488290, 's': 'BTCUSDT', 'p': '89235.70', 'q': '0.005', 'f': 6980571989, 'l': 6980571990, 'T': 1764971139661, 'm': False}
2025-12-05 21:45:39 [DEBUG] [perp] Payload: {'e': 'aggTrade', 'E': 1764971139664, 'a': 2999488291, 's': 'BTCUSDT', 'p': '89235.80', 'q': '0.002', 'f': 6980571991, 'l': 6980571991, 'T': 1764971139661, 'm': False}
2025-12-05 21:45:39 [DEBUG] [perp] Payload: {'e': 'aggTrade', 'E': 1764971139664, 'a': 2999488292, 's': 'BTCUSDT', 'p': '89235.90', 'q': '0.003', 'f': 6980571992, 'l': 6980571992, 'T': 1764971139661, 'm': False}
2025-12-05 21:45:39 [DEBUG] [perp] Payload: {'e': 'aggTrade', 'E': 1764971139664, 'a': 2999488293, 's': 'BTCUSDT', 'p': '89236.00', 'q': '0.002', 'f': 6980571993, 'l': 6980571993, 'T': 1764971139661, 'm': False}
2025-12-05 21:45:39 [DEBUG] [perp] Payload: {'e': 'aggTrade', 'E': 1764971139664, 'a': 2999488294, 's': 'BTCUSDT', 'p': '89236.20', 'q': '0.002', 'f': 6980571994, 'l': 6980571994, 'T': 1764971139661, 'm': False}
2025-12-05 21:45:39 [DEBUG] [perp] Payload: {'e': 'aggTrade', 'E': 1764971139664, 'a': 2999488295, 's': 'BTCUSDT', 'p': '89236.40', 'q': '0.002', 'f': 6980571995, 'l': 6980571995, 'T': 1764971139661, 'm': False}
2025-12-05 21:45:39 [DEBUG] [perp] Payload: {'e': 'aggTrade', 'E': 1764971139664, 'a': 2999488296, 's': 'BTCUSDT', 'p': '89236.50', 'q': '0.005', 'f': 6980571996, 'l': 6980571997, 'T': 1764971139661, 'm': False}
2025-12-05 21:45:39 [DEBUG] [perp] Payload: {'e': 'aggTrade', 'E': 1764971139664, 'a': 2999488297, 's': 'BTCUSDT', 'p': '89236.60', 'q': '0.031', 'f': 6980571998, 'l': 6980572000, 'T': 1764971139661, 'm': False}
2025-12-05 21:45:39 [DEBUG] [perp] Payload: {'e': 'aggTrade', 'E': 1764971139664, 'a': 2999488298, 's': 'BTCUSDT', 'p': '89236.90', 'q': '0.002', 'f': 6980572001, 'l': 6980572001, 'T': 1764971139661, 'm': False}
2025-12-05 21:45:39 [DEBUG] [perp] Payload: {'e': 'aggTrade', 'E': 1764971139722, 'a': 2999488299, 's': 'BTCUSDT', 'p': '89237.10', 'q': '0.003', 'f': 6980572002, 'l': 6980572002, 'T': 1764971139661, 'm': False}
2025-12-05 21:45:39 [DEBUG] [perp] Payload: {'e': 'aggTrade', 'E': 1764971139725, 'a': 2999488300, 's': 'BTCUSDT', 'p': '89237.50', 'q': '0.009', 'f': 6980572003, 'l': 6980572005, 'T': 1764971139720, 'm': False}
2025-12-05 21:45:39 [DEBUG] [perp] Payload: {'e': 'aggTrade', 'E': 1764971139725, 'a': 2999488301, 's': 'BTCUSDT', 'p': '89237.60', 'q': '0.005', 'f': 6980572006, 'l': 6980572007, 'T': 1764971139722, 'm': False}
2025-12-05 21:45:39 [DEBUG] [perp] Payload: {'e': 'aggTrade', 'E': 1764971139725, 'a': 2999488302, 's': 'BTCUSDT', 'p': '89237.70', 'q': '0.002', 'f': 6980572008, 'l': 6980572008, 'T': 1764971139722, 'm': False}
2025-12-05 21:45:39 [DEBUG] [perp] Payload: {'e': 'aggTrade', 'E': 1764971139725, 'a': 2999488303, 's': 'BTCUSDT', 'p': '89238.10', 'q': '0.003', 'f': 6980572009, 'l': 6980572009, 'T': 1764971139722, 'm': False}
2025-12-05 21:45:39 [DEBUG] [perp] Payload: {'e': 'aggTrade', 'E': 1764971139731, 'a': 2999488304, 's': 'BTCUSDT', 'p': '89238.80', 'q': '0.003', 'f': 6980572010, 'l': 6980572010, 'T': 1764971139722, 'm': False}
2025-12-05 21:45:39 [DEBUG] [perp] Payload: {'e': 'aggTrade', 'E': 1764971139731, 'a': 2999488305, 's': 'BTCUSDT', 'p': '89239.30', 'q': '0.005', 'f': 6980572011, 'l': 6980572012, 'T': 1764971139728, 'm': False}
2025-12-05 21:45:39 [DEBUG] [perp] Payload: {'e': 'aggTrade', 'E': 1764971139731, 'a': 2999488306, 's': 'BTCUSDT', 'p': '89239.50', 'q': '0.004', 'f': 6980572013, 'l': 6980572013, 'T': 1764971139728, 'm': False}
2025-12-05 21:45:39 [DEBUG] [perp] Payload: {'e': 'aggTrade', 'E': 1764971139731, 'a': 2999488307, 's': 'BTCUSDT', 'p': '89239.60', 'q': '0.003', 'f': 6980572014, 'l': 6980572014, 'T': 1764971139728, 'm': False}
2025-12-05 21:45:39 [DEBUG] [perp] Payload: {'e': 'aggTrade', 'E': 1764971139731, 'a': 2999488308, 's': 'BTCUSDT', 'p': '89239.80', 'q': '0.003', 'f': 6980572015, 'l': 6980572015, 'T': 1764971139728, 'm': False}
2025-12-05 21:45:39 [DEBUG] [perp] Payload: {'e': 'aggTrade', 'E': 1764971139737, 'a': 2999488309, 's': 'BTCUSDT', 'p': '89239.90', 'q': '0.002', 'f': 6980572016, 'l': 6980572016, 'T': 1764971139728, 'm': False}
2025-12-05 21:45:39 [DEBUG] [perp] Payload: {'e': 'aggTrade', 'E': 1764971139741, 'a': 2999488310, 's': 'BTCUSDT', 'p': '89240.00', 'q': '0.002', 'f': 6980572017, 'l': 6980572017, 'T': 1764971139732, 'm': False}
2025-12-05 21:45:39 [DEBUG] [perp] Payload: {'e': 'aggTrade', 'E': 1764971139741, 'a': 2999488311, 's': 'BTCUSDT', 'p': '89240.10', 'q': '0.002', 'f': 6980572018, 'l': 6980572018, 'T': 1764971139737, 'm': False}
2025-12-05 21:45:39 [DEBUG] [perp] Payload: {'e': 'aggTrade', 'E': 1764971139741, 'a': 2999488312, 's': 'BTCUSDT', 'p': '89240.40', 'q': '0.002', 'f': 6980572019, 'l': 6980572019, 'T': 1764971139737, 'm': False}
2025-12-05 21:45:39 [DEBUG] [perp] Payload: {'e': 'aggTrade', 'E': 1764971139741, 'a': 2999488313, 's': 'BTCUSDT', 'p': '89240.50', 'q': '0.006', 'f': 6980572020, 'l': 6980572021, 'T': 1764971139737, 'm': False}
2025-12-05 21:45:39 [DEBUG] [perp] Payload: {'e': 'aggTrade', 'E': 1764971139741, 'a': 2999488314, 's': 'BTCUSDT', 'p': '89240.60', 'q': '0.003', 'f': 6980572022, 'l': 6980572022, 'T': 1764971139737, 'm': False}
2025-12-05 21:45:39 [DEBUG] [perp] Payload: {'e': 'aggTrade', 'E': 1764971139743, 'a': 2999488315, 's': 'BTCUSDT', 'p': '89240.80', 'q': '0.002', 'f': 6980572023, 'l': 6980572023, 'T': 1764971139737, 'm': False}
2025-12-05 21:45:39 [DEBUG] [perp] Payload: {'e': 'aggTrade', 'E': 1764971139746, 'a': 2999488316, 's': 'BTCUSDT', 'p': '89240.90', 'q': '0.007', 'f': 6980572024, 'l': 6980572024, 'T': 1764971139739, 'm': True}
2025-12-05 21:45:39 [DEBUG] [perp] Payload: {'e': 'aggTrade', 'E': 1764971139749, 'a': 2999488317, 's': 'BTCUSDT', 'p': '89241.00', 'q': '0.112', 'f': 6980572025, 'l': 6980572029, 'T': 1764971139742, 'm': False}
2025-12-05 21:45:39 [DEBUG] [perp] Payload: {'e': 'aggTrade', 'E': 1764971139762, 'a': 2999488318, 's': 'BTCUSDT', 'p': '89241.30', 'q': '0.028', 'f': 6980572030, 'l': 6980572034, 'T': 1764971139745, 'm': False}
2025-12-05 21:45:39 [DEBUG] [perp] Payload: {'e': 'aggTrade', 'E': 1764971139762, 'a': 2999488319, 's': 'BTCUSDT', 'p': '89241.40', 'q': '0.002', 'f': 6980572035, 'l': 6980572035, 'T': 1764971139759, 'm': False}
2025-12-05 21:45:39 [DEBUG] [perp] Payload: {'e': 'aggTrade', 'E': 1764971139765, 'a': 2999488320, 's': 'BTCUSDT', 'p': '89241.50', 'q': '0.003', 'f': 6980572036, 'l': 6980572036, 'T': 1764971139759, 'm': False}
2025-12-05 21:45:39 [DEBUG] [perp] Payload: {'e': 'aggTrade', 'E': 1764971139778, 'a': 2999488321, 's': 'BTCUSDT', 'p': '89241.60', 'q': '0.010', 'f': 6980572037, 'l': 6980572038, 'T': 1764971139760, 'm': False}
2025-12-05 21:45:39 [DEBUG] [perp] Payload: {'e': 'aggTrade', 'E': 1764971139828, 'a': 2999488322, 's': 'BTCUSDT', 'p': '89241.50', 'q': '0.002', 'f': 6980572039, 'l': 6980572039, 'T': 1764971139774, 'm': True}
2025-12-05 21:45:40 [DEBUG] [perp] Payload: {'e': 'aggTrade', 'E': 1764971139944, 'a': 2999488323, 's': 'BTCUSDT', 'p': '89241.60', 'q': '0.002', 'f': 6980572040, 'l': 6980572040, 'T': 1764971139826, 'm': False}
2025-12-05 21:45:40 [DEBUG] [perp] Payload: {'e': 'aggTrade', 'E': 1764971140004, 'a': 2999488324, 's': 'BTCUSDT', 'p': '89241.60', 'q': '0.005', 'f': 6980572041, 'l': 6980572042, 'T': 1764971139943, 'm': False}
2025-12-05 21:45:40 [DEBUG] [perp] Payload: {'e': 'aggTrade', 'E': 1764971140155, 'a': 2999488325, 's': 'BTCUSDT', 'p': '89241.50', 'q': '0.007', 'f': 6980572043, 'l': 6980572043, 'T': 1764971140003, 'm': True}
2025-12-05 21:45:40 [DEBUG] [perp] Payload: {'e': 'aggTrade', 'E': 1764971140400, 'a': 2999488326, 's': 'BTCUSDT', 'p': '89241.50', 'q': '0.007', 'f': 6980572044, 'l': 6980572044, 'T': 1764971140247, 'm': True}
2025-12-05 21:45:40 [DEBUG] [perp] Payload: {'e': 'aggTrade', 'E': 1764971140643, 'a': 2999488327, 's': 'BTCUSDT', 'p': '89241.50', 'q': '0.007', 'f': 6980572045, 'l': 6980572045, 'T': 1764971140490, 'm': True}
2025-12-05 21:45:40 [DEBUG] [perp] Payload: {'e': 'aggTrade', 'E': 1764971140748, 'a': 2999488328, 's': 'BTCUSDT', 'p': '89241.50', 'q': '0.023', 'f': 6980572046, 'l': 6980572046, 'T': 1764971140643, 'm': True}
2025-12-05 21:45:41 [DEBUG] [perp] Payload: {'e': 'aggTrade', 'E': 1764971140899, 'a': 2999488329, 's': 'BTCUSDT', 'p': '89241.60', 'q': '0.214', 'f': 6980572047, 'l': 6980572048, 'T': 1764971140745, 'm': False}
2025-12-05 21:45:42 [DEBUG] [perp] Payload: {'e': 'aggTrade', 'E': 1764971142006, 'a': 2999488330, 's': 'BTCUSDT', 'p': '89241.60', 'q': '0.112', 'f': 6980572049, 'l': 6980572049, 'T': 1764971141852, 'm': False}
2025-12-05 21:45:42 [DEBUG] [perp] Payload: {'e': 'aggTrade', 'E': 1764971142209, 'a': 2999488331, 's': 'BTCUSDT', 'p': '89241.50', 'q': '0.002', 'f': 6980572050, 'l': 6980572050, 'T': 1764971142054, 'm': True}
2025-12-05 21:45:42 [DEBUG] [perp] Payload: {'e': 'aggTrade', 'E': 1764971142421, 'a': 2999488332, 's': 'BTCUSDT', 'p': '89241.50', 'q': '0.002', 'f': 6980572051, 'l': 6980572052, 'T': 1764971142268, 'm': True}
2025-12-05 21:45:43 [DEBUG] [perp] Payload: {'e': 'aggTrade', 'E': 1764971142806, 'a': 2999488333, 's': 'BTCUSDT', 'p': '89241.60', 'q': '0.002', 'f': 6980572053, 'l': 6980572053, 'T': 1764971142703, 'm': False}
2025-12-05 21:45:43 [DEBUG] [perp] Payload: {'e': 'aggTrade', 'E': 1764971142847, 'a': 2999488334, 's': 'BTCUSDT', 'p': '89241.50', 'q': '0.002', 'f': 6980572054, 'l': 6980572054, 'T': 1764971142805, 'm': True}
2025-12-05 21:45:43 [DEBUG] [perp] Payload: {'e': 'aggTrade', 'E': 1764971142998, 'a': 2999488335, 's': 'BTCUSDT', 'p': '89241.60', 'q': '0.114', 'f': 6980572055, 'l': 6980572056, 'T': 1764971142846, 'm': False}
2025-12-05 21:45:43 [DEBUG] [perp] Payload: {'e': 'aggTrade', 'E': 1764971143149, 'a': 2999488336, 's': 'BTCUSDT', 'p': '89241.50', 'q': '0.112', 'f': 6980572057, 'l': 6980572057, 'T': 1764971142996, 'm': True}
2025-12-05 21:45:43 [DEBUG] [perp] Payload: {'e': 'aggTrade', 'E': 1764971143335, 'a': 2999488337, 's': 'BTCUSDT', 'p': '89241.50', 'q': '0.005', 'f': 6980572058, 'l': 6980572059, 'T': 1764971143182, 'm': True}
2025-12-05 21:45:44 [DEBUG] [perp] Payload: {'e': 'aggTrade', 'E': 1764971144002, 'a': 2999488338, 's': 'BTCUSDT', 'p': '89241.60', 'q': '0.165', 'f': 6980572060, 'l': 6980572061, 'T': 1764971143849, 'm': False}
2025-12-05 21:45:44 [DEBUG] [perp] Payload: {'e': 'aggTrade', 'E': 1764971144199, 'a': 2999488339, 's': 'BTCUSDT', 'p': '89241.60', 'q': '0.013', 'f': 6980572062, 'l': 6980572062, 'T': 1764971144121, 'm': False}
2025-12-05 21:45:44 [DEBUG] [perp] Payload: {'e': 'aggTrade', 'E': 1764971144226, 'a': 2999488340, 's': 'BTCUSDT', 'p': '89241.50', 'q': '0.183', 'f': 6980572063, 'l': 6980572063, 'T': 1764971144198, 'm': True}
2025-12-05 21:45:44 [DEBUG] [perp] Payload: {'e': 'aggTrade', 'E': 1764971144374, 'a': 2999488341, 's': 'BTCUSDT', 'p': '89241.60', 'q': '0.025', 'f': 6980572064, 'l': 6980572064, 'T': 1764971144224, 'm': False}
2025-12-05 21:45:44 [INFO] [spot] Connected
2025-12-05 21:45:44 [INFO] [spot] Subscribed to streams: ['btcusdt@aggTrade']
2025-12-05 21:45:44 [DEBUG] [perp] Payload: {'e': 'aggTrade', 'E': 1764971144525, 'a': 2999488342, 's': 'BTCUSDT', 'p': '89241.50', 'q': '0.005', 'f': 6980572065, 'l': 6980572065, 'T': 1764971144372, 'm': True}
2025-12-05 21:45:44 [DEBUG] [perp] Payload: {'e': 'aggTrade', 'E': 1764971144728, 'a': 2999488343, 's': 'BTCUSDT', 'p': '89241.60', 'q': '0.002', 'f': 6980572066, 'l': 6980572066, 'T': 1764971144576, 'm': False}
2025-12-05 21:45:44 [DEBUG] [spot] Payload: None
2025-12-05 21:45:45 [DEBUG] [perp] Payload: {'e': 'aggTrade', 'E': 1764971144918, 'a': 2999488344, 's': 'BTCUSDT', 'p': '89241.60', 'q': '0.003', 'f': 6980572067, 'l': 6980572067, 'T': 1764971144813, 'm': False}
2025-12-05 21:45:45 [DEBUG] [perp] Payload: {'e': 'aggTrade', 'E': 1764971145069, 'a': 2999488345, 's': 'BTCUSDT', 'p': '89241.60', 'q': '0.112', 'f': 6980572068, 'l': 6980572068, 'T': 1764971144917, 'm': False}
2025-12-05 21:45:45 [DEBUG] [spot] Payload: {'e': 'aggTrade', 'E': 1764971145442, 's': 'BTCUSDT', 'a': 3774410640, 'p': '89275.57000000', 'q': '0.00027000', 'f': 5616221954, 'l': 5616221956, 'T': 1764971145442, 'm': True, 'M': True}
2025-12-05 21:45:45 [DEBUG] [spot] Payload: {'e': 'aggTrade', 'E': 1764971145452, 's': 'BTCUSDT', 'a': 3774410641, 'p': '89275.58000000', 'q': '0.02558000', 'f': 5616221957, 'l': 5616221957, 'T': 1764971145451, 'm': False, 'M': True}
2025-12-05 21:45:45 [DEBUG] [spot] Payload: {'e': 'aggTrade', 'E': 1764971145622, 's': 'BTCUSDT', 'a': 3774410642, 'p': '89275.57000000', 'q': '0.00054000', 'f': 5616221958, 'l': 5616221958, 'T': 1764971145622, 'm': True, 'M': True}
2025-12-05 21:45:45 [DEBUG] [perp] Payload: {'e': 'aggTrade', 'E': 1764971145626, 'a': 2999488346, 's': 'BTCUSDT', 'p': '89241.50', 'q': '0.003', 'f': 6980572069, 'l': 6980572069, 'T': 1764971145474, 'm': True}
2025-12-05 21:45:45 [DEBUG] [spot] Payload: {'e': 'aggTrade', 'E': 1764971145731, 's': 'BTCUSDT', 'a': 3774410643, 'p': '89275.57000000', 'q': '0.11206000', 'f': 5616221959, 'l': 5616221960, 'T': 1764971145730, 'm': True, 'M': True}
2025-12-05 21:45:46 [DEBUG] [perp] Payload: {'e': 'aggTrade', 'E': 1764971145884, 'a': 2999488347, 's': 'BTCUSDT', 'p': '89241.50', 'q': '0.002', 'f': 6980572070, 'l': 6980572070, 'T': 1764971145829, 'm': True}
2025-12-05 21:45:46 [DEBUG] [perp] Payload: {'e': 'aggTrade', 'E': 1764971145933, 'a': 2999488348, 's': 'BTCUSDT', 'p': '89241.60', 'q': '0.114', 'f': 6980572071, 'l': 6980572072, 'T': 1764971145882, 'm': False}
2025-12-05 21:45:46 [DEBUG] [perp] Payload: {'e': 'aggTrade', 'E': 1764971145978, 'a': 2999488349, 's': 'BTCUSDT', 'p': '89241.50', 'q': '0.010', 'f': 6980572073, 'l': 6980572073, 'T': 1764971145931, 'm': True}
2025-12-05 21:45:46 [DEBUG] [perp] Payload: {'e': 'aggTrade', 'E': 1764971146130, 'a': 2999488350, 's': 'BTCUSDT', 'p': '89241.60', 'q': '0.050', 'f': 6980572074, 'l': 6980572074, 'T': 1764971145977, 'm': False}
2025-12-05 21:45:46 [DEBUG] [perp] Payload: {'e': 'aggTrade', 'E': 1764971146478, 'a': 2999488351, 's': 'BTCUSDT', 'p': '89241.50', 'q': '0.032', 'f': 6980572075, 'l': 6980572075, 'T': 1764971146394, 'm': True}
2025-12-05 21:45:46 [DEBUG] [spot] Payload: {'e': 'aggTrade', 'E': 1764971146484, 's': 'BTCUSDT', 'a': 3774410644, 'p': '89275.58000000', 'q': '0.00450000', 'f': 5616221961, 'l': 5616221961, 'T': 1764971146483, 'm': False, 'M': True}
2025-12-05 21:45:46 [DEBUG] [perp] Payload: {'e': 'aggTrade', 'E': 1764971146500, 'a': 2999488352, 's': 'BTCUSDT', 'p': '89241.60', 'q': '0.500', 'f': 6980572076, 'l': 6980572079, 'T': 1764971146477, 'm': False}
2025-12-05 21:45:46 [DEBUG] [spot] Payload: {'e': 'aggTrade', 'E': 1764971146624, 's': 'BTCUSDT', 'a': 3774410645, 'p': '89275.58000000', 'q': '0.00146000', 'f': 5616221962, 'l': 5616221962, 'T': 1764971146624, 'm': False, 'M': True}
2025-12-05 21:45:46 [DEBUG] [perp] Payload: {'e': 'aggTrade', 'E': 1764971146651, 'a': 2999488353, 's': 'BTCUSDT', 'p': '89241.50', 'q': '0.002', 'f': 6980572080, 'l': 6980572080, 'T': 1764971146498, 'm': True}
2025-12-05 21:45:46 [DEBUG] [spot] Payload: {'e': 'aggTrade', 'E': 1764971146724, 's': 'BTCUSDT', 'a': 3774410646, 'p': '89275.57000000', 'q': '0.11206000', 'f': 5616221963, 'l': 5616221970, 'T': 1764971146723, 'm': True, 'M': True}
2025-12-05 21:45:47 [DEBUG] [perp] Payload: {'e': 'aggTrade', 'E': 1764971147035, 'a': 2999488354, 's': 'BTCUSDT', 'p': '89241.60', 'q': '0.112', 'f': 6980572081, 'l': 6980572081, 'T': 1764971146882, 'm': False}
2025-12-05 21:45:47 [DEBUG] [spot] Payload: {'e': 'aggTrade', 'E': 1764971147177, 's': 'BTCUSDT', 'a': 3774410647, 'p': '89275.58000000', 'q': '0.00013000', 'f': 5616221971, 'l': 5616221971, 'T': 1764971147177, 'm': False, 'M': True}
