2025-12-01 22:06:15 [INFO] [spot] Connected
2025-12-01 22:06:15 [INFO] [spot] Subscribed to streams: ['btcusdt@aggTrade']
2025-12-01 22:06:15 [INFO] [perp] Connected
2025-12-01 22:06:15 [INFO] [perp] Subscribed to streams: ['btcusdt@aggTrade']
2025-12-01 22:06:16 [DEBUG] [spot] Payload: None
2025-12-01 22:06:16 [DEBUG] [perp] Payload: None
2025-12-01 22:06:16 [DEBUG] [spot] Payload: {'e': 'aggTrade', 'E': 1764626776030, 's': 'BTCUSDT', 'a': 3768454463, 'p': '86754.00000000', 'q': '0.00010000', 'f': 5591623605, 'l': 5591623605, 'T': 1764626776028, 'm': True, 'M': True}
2025-12-01 22:06:16 [DEBUG] [spot] Payload: {'e': 'aggTrade', 'E': 1764626776031, 's': 'BTCUSDT', 'a': 3768454464, 'p': '86754.00000000', 'q': '0.00259000', 'f': 5591623606, 'l': 5591623629, 'T': 1764626776028, 'm': True, 'M': True}
2025-12-01 22:06:16 [DEBUG] [spot] Payload: {'e': 'aggTrade', 'E': 1764626776031, 's': 'BTCUSDT', 'a': 3768454465, 'p': '86753.99000000', 'q': '0.00057000', 'f': 5591623630, 'l': 5591623637, 'T': 1764626776028, 'm': True, 'M': True}
2025-12-01 22:06:16 [DEBUG] [spot] Payload: {'e': 'aggTrade', 'E': 1764626776031, 's': 'BTCUSDT', 'a': 3768454466, 'p': '86753.48000000', 'q': '0.00012000', 'f': 5591623638, 'l': 5591623638, 'T': 1764626776028, 'm': True, 'M': True}
2025-12-01 22:06:16 [DEBUG] [spot] Payload: {'e': 'aggTrade', 'E': 1764626776031, 's': 'BTCUSDT', 'a': 3768454467, 'p': '86753.47000000', 'q': '0.00018000', 'f': 5591623639, 'l': 5591623641, 'T': 1764626776028, 'm': True, 'M': True}
2025-12-01 22:06:16 [DEBUG] [spot] Payload: {'e': 'aggTrade', 'E': 1764626776036, 's': 'BTCUSDT', 'a': 3768454468, 'p': '86752.00000000', 'q': '0.00085000', 'f': 5591623642, 'l': 5591623648, 'T': 1764626776030, 'm': True, 'M': True}
2025-12-01 22:06:16 [DEBUG] [spot] Payload: {'e': 'aggTrade', 'E': 1764626776036, 's': 'BTCUSDT', 'a': 3768454469, 'p': '86751.18000000', 'q': '0.00007000', 'f': 5591623649, 'l': 5591623649, 'T': 1764626776030, 'm': True, 'M': True}
2025-12-01 22:06:16 [DEBUG] [spot] Payload: {'e': 'aggTrade', 'E': 1764626776036, 's': 'BTCUSDT', 'a': 3768454470, 'p': '86750.91000000', 'q': '0.00055000', 'f': 5591623650, 'l': 5591623651, 'T': 1764626776030, 'm': True, 'M': True}
2025-12-01 22:06:16 [DEBUG] [spot] Payload: {'e': 'aggTrade', 'E': 1764626776036, 's': 'BTCUSDT', 'a': 3768454471, 'p': '86750.30000000', 'q': '0.00006000', 'f': 5591623652, 'l': 5591623652, 'T': 1764626776030, 'm': True, 'M': True}
2025-12-01 22:06:16 [DEBUG] [spot] Payload: {'e': 'aggTrade', 'E': 1764626776036, 's': 'BTCUSDT', 'a': 3768454472, 'p': '86750.23000000', 'q': '0.00018000', 'f': 5591623653, 'l': 5591623655, 'T': 1764626776030, 'm': True, 'M': True}
2025-12-01 22:06:16 [DEBUG] [spot] Payload: {'e': 'aggTrade', 'E': 1764626776036, 's': 'BTCUSDT', 'a': 3768454473, 'p': '86750.00000000', 'q': '0.00049000', 'f': 5591623656, 'l': 5591623657, 'T': 1764626776030, 'm': True, 'M': True}
2025-12-01 22:06:16 [DEBUG] [spot] Payload: {'e': 'aggTrade', 'E': 1764626776036, 's': 'BTCUSDT', 'a': 3768454474, 'p': '86749.80000000', 'q': '0.00018000', 'f': 5591623658, 'l': 5591623660, 'T': 1764626776030, 'm': True, 'M': True}
2025-12-01 22:06:16 [DEBUG] [spot] Payload: {'e': 'aggTrade', 'E': 1764626776036, 's': 'BTCUSDT', 'a': 3768454475, 'p': '86749.44000000', 'q': '0.00027000', 'f': 5591623661, 'l': 5591623664, 'T': 1764626776030, 'm': True, 'M': True}
2025-12-01 22:06:16 [DEBUG] [spot] Payload: {'e': 'aggTrade', 'E': 1764626776036, 's': 'BTCUSDT', 'a': 3768454476, 'p': '86749.43000000', 'q': '0.00007000', 'f': 5591623665, 'l': 5591623665, 'T': 1764626776030, 'm': True, 'M': True}
2025-12-01 22:06:16 [DEBUG] [perp] Payload: {'e': 'aggTrade', 'E': 1764626776041, 'a': 2990357365, 's': 'BTCUSDT', 'p': '86701.60', 'q': '0.057', 'f': 6961039518, 'l': 6961039518, 'T': 1764626775914, 'm': True}
2025-12-01 22:06:16 [DEBUG] [perp] Payload: {'e': 'aggTrade', 'E': 1764626776045, 'a': 2990357366, 's': 'BTCUSDT', 'p': '86701.60', 'q': '0.901', 'f': 6961039519, 'l': 6961039537, 'T': 1764626776036, 'm': True}
2025-12-01 22:06:16 [DEBUG] [perp] Payload: {'e': 'aggTrade', 'E': 1764626776045, 'a': 2990357367, 's': 'BTCUSDT', 'p': '86701.50', 'q': '0.697', 'f': 6961039538, 'l': 6961039545, 'T': 1764626776039, 'm': True}
2025-12-01 22:06:16 [DEBUG] [perp] Payload: {'e': 'aggTrade', 'E': 1764626776045, 'a': 2990357368, 's': 'BTCUSDT', 'p': '86701.40', 'q': '0.004', 'f': 6961039546, 'l': 6961039546, 'T': 1764626776040, 'm': True}
2025-12-01 22:06:16 [DEBUG] [perp] Payload: {'e': 'aggTrade', 'E': 1764626776045, 'a': 2990357369, 's': 'BTCUSDT', 'p': '86701.20', 'q': '0.008', 'f': 6961039547, 'l': 6961039548, 'T': 1764626776041, 'm': True}
2025-12-01 22:06:16 [DEBUG] [perp] Payload: {'e': 'aggTrade', 'E': 1764626776046, 'a': 2990357370, 's': 'BTCUSDT', 'p': '86701.00', 'q': '0.003', 'f': 6961039549, 'l': 6961039549, 'T': 1764626776041, 'm': True}
2025-12-01 22:06:16 [DEBUG] [perp] Payload: {'e': 'aggTrade', 'E': 1764626776046, 'a': 2990357371, 's': 'BTCUSDT', 'p': '86700.80', 'q': '0.002', 'f': 6961039550, 'l': 6961039550, 'T': 1764626776041, 'm': True}
2025-12-01 22:06:16 [DEBUG] [perp] Payload: {'e': 'aggTrade', 'E': 1764626776046, 'a': 2990357372, 's': 'BTCUSDT', 'p': '86700.70', 'q': '0.003', 'f': 6961039551, 'l': 6961039551, 'T': 1764626776041, 'm': True}
2025-12-01 22:06:16 [DEBUG] [spot] Payload: {'e': 'aggTrade', 'E': 1764626776041, 's': 'BTCUSDT', 'a': 3768454477, 'p': '86748.00000000', 'q': '0.00040000', 'f': 5591623666, 'l': 5591623666, 'T': 1764626776033, 'm': True, 'M': True}
2025-12-01 22:06:16 [DEBUG] [spot] Payload: {'e': 'aggTrade', 'E': 1764626776041, 's': 'BTCUSDT', 'a': 3768454478, 'p': '86747.63000000', 'q': '0.00007000', 'f': 5591623667, 'l': 5591623667, 'T': 1764626776033, 'm': True, 'M': True}
2025-12-01 22:06:16 [DEBUG] [spot] Payload: {'e': 'aggTrade', 'E': 1764626776041, 's': 'BTCUSDT', 'a': 3768454479, 'p': '86747.48000000', 'q': '0.00018000', 'f': 5591623668, 'l': 5591623670, 'T': 1764626776033, 'm': True, 'M': True}
2025-12-01 22:06:16 [DEBUG] [spot] Payload: {'e': 'aggTrade', 'E': 1764626776041, 's': 'BTCUSDT', 'a': 3768454480, 'p': '86747.31000000', 'q': '0.00006000', 'f': 5591623671, 'l': 5591623671, 'T': 1764626776033, 'm': True, 'M': True}
2025-12-01 22:06:16 [DEBUG] [spot] Payload: {'e': 'aggTrade', 'E': 1764626776041, 's': 'BTCUSDT', 'a': 3768454481, 'p': '86746.80000000', 'q': '0.01937000', 'f': 5591623672, 'l': 5591623672, 'T': 1764626776033, 'm': True, 'M': True}
2025-12-01 22:06:16 [DEBUG] [spot] Payload: {'e': 'aggTrade', 'E': 1764626776043, 's': 'BTCUSDT', 'a': 3768454482, 'p': '86746.80000000', 'q': '0.04231000', 'f': 5591623673, 'l': 5591623673, 'T': 1764626776034, 'm': True, 'M': True}
2025-12-01 22:06:16 [DEBUG] [spot] Payload: {'e': 'aggTrade', 'E': 1764626776045, 's': 'BTCUSDT', 'a': 3768454483, 'p': '86746.80000000', 'q': '0.16939000', 'f': 5591623674, 'l': 5591623674, 'T': 1764626776035, 'm': True, 'M': True}
2025-12-01 22:06:16 [DEBUG] [spot] Payload: {'e': 'aggTrade', 'E': 1764626776047, 's': 'BTCUSDT', 'a': 3768454484, 'p': '86748.00000000', 'q': '0.00009000', 'f': 5591623675, 'l': 5591623675, 'T': 1764626776035, 'm': True, 'M': True}
2025-12-01 22:06:16 [DEBUG] [spot] Payload: {'e': 'aggTrade', 'E': 1764626776047, 's': 'BTCUSDT', 'a': 3768454485, 'p': '86746.80000000', 'q': '0.14933000', 'f': 5591623676, 'l': 5591623676, 'T': 1764626776035, 'm': True, 'M': True}
2025-12-01 22:06:16 [DEBUG] [spot] Payload: {'e': 'aggTrade', 'E': 1764626776047, 's': 'BTCUSDT', 'a': 3768454486, 'p': '86746.46000000', 'q': '0.00029000', 'f': 5591623677, 'l': 5591623680, 'T': 1764626776035, 'm': True, 'M': True}
2025-12-01 22:06:16 [DEBUG] [spot] Payload: {'e': 'aggTrade', 'E': 1764626776047, 's': 'BTCUSDT', 'a': 3768454487, 'p': '86746.25000000', 'q': '0.00009000', 'f': 5591623681, 'l': 5591623681, 'T': 1764626776035, 'm': True, 'M': True}
2025-12-01 22:06:16 [DEBUG] [spot] Payload: {'e': 'aggTrade', 'E': 1764626776047, 's': 'BTCUSDT', 'a': 3768454488, 'p': '86746.18000000', 'q': '0.00021000', 'f': 5591623682, 'l': 5591623684, 'T': 1764626776035, 'm': True, 'M': True}
2025-12-01 22:06:16 [DEBUG] [spot] Payload: {'e': 'aggTrade', 'E': 1764626776047, 's': 'BTCUSDT', 'a': 3768454489, 'p': '86746.17000000', 'q': '0.00014000', 'f': 5591623685, 'l': 5591623686, 'T': 1764626776035, 'm': True, 'M': True}
2025-12-01 22:06:16 [DEBUG] [spot] Payload: {'e': 'aggTrade', 'E': 1764626776047, 's': 'BTCUSDT', 'a': 3768454490, 'p': '86746.00000000', 'q': '0.00179000', 'f': 5591623687, 'l': 5591623694, 'T': 1764626776035, 'm': True, 'M': True}
2025-12-01 22:06:16 [DEBUG] [spot] Payload: {'e': 'aggTrade', 'E': 1764626776047, 's': 'BTCUSDT', 'a': 3768454491, 'p': '86745.99000000', 'q': '0.03027000', 'f': 5591623695, 'l': 5591623699, 'T': 1764626776035, 'm': True, 'M': True}
2025-12-01 22:06:16 [DEBUG] [spot] Payload: {'e': 'aggTrade', 'E': 1764626776047, 's': 'BTCUSDT', 'a': 3768454492, 'p': '86745.96000000', 'q': '0.00007000', 'f': 5591623700, 'l': 5591623700, 'T': 1764626776035, 'm': True, 'M': True}
2025-12-01 22:06:16 [DEBUG] [perp] Payload: {'e': 'aggTrade', 'E': 1764626776047, 'a': 2990357373, 's': 'BTCUSDT', 'p': '86700.60', 'q': '0.057', 'f': 6961039552, 'l': 6961039553, 'T': 1764626776041, 'm': True}
2025-12-01 22:06:16 [DEBUG] [perp] Payload: {'e': 'aggTrade', 'E': 1764626776047, 'a': 2990357374, 's': 'BTCUSDT', 'p': '86700.20', 'q': '0.008', 'f': 6961039554, 'l': 6961039556, 'T': 1764626776042, 'm': True}
2025-12-01 22:06:16 [DEBUG] [perp] Payload: {'e': 'aggTrade', 'E': 1764626776048, 'a': 2990357375, 's': 'BTCUSDT', 'p': '86700.00', 'q': '0.597', 'f': 6961039557, 'l': 6961039564, 'T': 1764626776042, 'm': True}
2025-12-01 22:06:16 [DEBUG] [perp] Payload: {'e': 'aggTrade', 'E': 1764626776048, 'a': 2990357376, 's': 'BTCUSDT', 'p': '86699.60', 'q': '0.059', 'f': 6961039565, 'l': 6961039566, 'T': 1764626776043, 'm': True}
2025-12-01 22:06:16 [DEBUG] [perp] Payload: {'e': 'aggTrade', 'E': 1764626776048, 'a': 2990357377, 's': 'BTCUSDT', 'p': '86699.50', 'q': '0.006', 'f': 6961039567, 'l': 6961039568, 'T': 1764626776043, 'm': True}
2025-12-01 22:06:16 [DEBUG] [perp] Payload: {'e': 'aggTrade', 'E': 1764626776048, 'a': 2990357378, 's': 'BTCUSDT', 'p': '86698.80', 'q': '0.003', 'f': 6961039569, 'l': 6961039569, 'T': 1764626776043, 'm': True}
2025-12-01 22:06:16 [DEBUG] [perp] Payload: {'e': 'aggTrade', 'E': 1764626776048, 'a': 2990357379, 's': 'BTCUSDT', 'p': '86698.70', 'q': '0.019', 'f': 6961039570, 'l': 6961039573, 'T': 1764626776043, 'm': True}
2025-12-01 22:06:16 [DEBUG] [perp] Payload: {'e': 'aggTrade', 'E': 1764626776055, 'a': 2990357380, 's': 'BTCUSDT', 'p': '86698.60', 'q': '0.698', 'f': 6961039574, 'l': 6961039576, 'T': 1764626776043, 'm': True}
2025-12-01 22:06:16 [DEBUG] [perp] Payload: {'e': 'aggTrade', 'E': 1764626776055, 'a': 2990357381, 's': 'BTCUSDT', 'p': '86698.50', 'q': '0.045', 'f': 6961039577, 'l': 6961039578, 'T': 1764626776050, 'm': True}
2025-12-01 22:06:16 [DEBUG] [perp] Payload: {'e': 'aggTrade', 'E': 1764626776055, 'a': 2990357382, 's': 'BTCUSDT', 'p': '86698.40', 'q': '0.011', 'f': 6961039579, 'l': 6961039579, 'T': 1764626776050, 'm': True}
2025-12-01 22:06:16 [DEBUG] [perp] Payload: {'e': 'aggTrade', 'E': 1764626776055, 'a': 2990357383, 's': 'BTCUSDT', 'p': '86698.30', 'q': '0.003', 'f': 6961039580, 'l': 6961039580, 'T': 1764626776050, 'm': True}
2025-12-01 22:06:16 [DEBUG] [perp] Payload: {'e': 'aggTrade', 'E': 1764626776058, 'a': 2990357384, 's': 'BTCUSDT', 'p': '86698.20', 'q': '0.005', 'f': 6961039581, 'l': 6961039582, 'T': 1764626776050, 'm': True}
2025-12-01 22:06:16 [DEBUG] [perp] Payload: {'e': 'aggTrade', 'E': 1764626776058, 'a': 2990357385, 's': 'BTCUSDT', 'p': '86698.00', 'q': '0.005', 'f': 6961039583, 'l': 6961039584, 'T': 1764626776054, 'm': True}
2025-12-01 22:06:16 [DEBUG] [perp] Payload: {'e': 'aggTrade', 'E': 1764626776058, 'a': 2990357386, 's': 'BTCUSDT', 'p': '86697.70', 'q': '0.003', 'f': 6961039585, 'l': 6961039585, 'T': 1764626776054, 'm': True}
2025-12-01 22:06:16 [DEBUG] [perp] Payload: {'e': 'aggTrade', 'E': 1764626776058, 'a': 2990357387, 's': 'BTCUSDT', 'p': '86697.50', 'q': '0.008', 'f': 6961039586, 'l': 6961039587, 'T': 1764626776054, 'm': True}
2025-12-01 22:06:16 [DEBUG] [perp] Payload: {'e': 'aggTrade', 'E': 1764626776059, 'a': 2990357388, 's': 'BTCUSDT', 'p': '86697.40', 'q': '0.003', 'f': 6961039588, 'l': 6961039588, 'T': 1764626776054, 'm': True}
2025-12-01 22:06:16 [DEBUG] [perp] Payload: {'e': 'aggTrade', 'E': 1764626776059, 'a': 2990357389, 's': 'BTCUSDT', 'p': '86697.20', 'q': '0.010', 'f': 6961039589, 'l': 6961039590, 'T': 1764626776054, 'm': True}
2025-12-01 22:06:16 [DEBUG] [perp] Payload: {'e': 'aggTrade', 'E': 1764626776059, 'a': 2990357390, 's': 'BTCUSDT', 'p': '86697.10', 'q': '0.009', 'f': 6961039591, 'l': 6961039593, 'T': 1764626776055, 'm': True}
2025-12-01 22:06:16 [DEBUG] [perp] Payload: {'e': 'aggTrade', 'E': 1764626776059, 'a': 2990357391, 's': 'BTCUSDT', 'p': '86697.00', 'q': '0.006', 'f': 6961039594, 'l': 6961039596, 'T': 1764626776055, 'm': True}
2025-12-01 22:06:16 [DEBUG] [perp] Payload: {'e': 'aggTrade', 'E': 1764626776059, 'a': 2990357392, 's': 'BTCUSDT', 'p': '86696.90', 'q': '0.002', 'f': 6961039597, 'l': 6961039597, 'T': 1764626776055, 'm': True}
2025-12-01 22:06:16 [DEBUG] [perp] Payload: {'e': 'aggTrade', 'E': 1764626776059, 'a': 2990357393, 's': 'BTCUSDT', 'p': '86696.80', 'q': '0.003', 'f': 6961039598, 'l': 6961039598, 'T': 1764626776055, 'm': True}
2025-12-01 22:06:16 [DEBUG] [perp] Payload: {'e': 'aggTrade', 'E': 1764626776062, 'a': 2990357394, 's': 'BTCUSDT', 'p': '86696.70', 'q': '0.002', 'f': 6961039599, 'l': 6961039599, 'T': 1764626776055, 'm': True}
2025-12-01 22:06:16 [DEBUG] [spot] Payload: {'e': 'aggTrade', 'E': 1764626776062, 's': 'BTCUSDT', 'a': 3768454493, 'p': '86745.75000000', 'q': '0.00006000', 'f': 5591623701, 'l': 5591623701, 'T': 1764626776042, 'm': True, 'M': True}
2025-12-01 22:06:16 [DEBUG] [spot] Payload: {'e': 'aggTrade', 'E': 1764626776062, 's': 'BTCUSDT', 'a': 3768454494, 'p': '86744.88000000', 'q': '0.00006000', 'f': 5591623702, 'l': 5591623702, 'T': 1764626776043, 'm': True, 'M': True}
2025-12-01 22:06:16 [DEBUG] [spot] Payload: {'e': 'aggTrade', 'E': 1764626776062, 's': 'BTCUSDT', 'a': 3768454495, 'p': '86744.58000000', 'q': '0.00318000', 'f': 5591623703, 'l': 5591623706, 'T': 1764626776043, 'm': True, 'M': True}
2025-12-01 22:06:16 [DEBUG] [spot] Payload: {'e': 'aggTrade', 'E': 1764626776062, 's': 'BTCUSDT', 'a': 3768454496, 'p': '86744.00000000', 'q': '0.00176000', 'f': 5591623707, 'l': 5591623714, 'T': 1764626776043, 'm': True, 'M': True}
2025-12-01 22:06:16 [DEBUG] [spot] Payload: {'e': 'aggTrade', 'E': 1764626776062, 's': 'BTCUSDT', 'a': 3768454497, 'p': '86743.98000000', 'q': '0.00012000', 'f': 5591623715, 'l': 5591623715, 'T': 1764626776043, 'm': True, 'M': True}
2025-12-01 22:06:16 [DEBUG] [spot] Payload: {'e': 'aggTrade', 'E': 1764626776062, 's': 'BTCUSDT', 'a': 3768454498, 'p': '86743.14000000', 'q': '0.00006000', 'f': 5591623716, 'l': 5591623716, 'T': 1764626776043, 'm': True, 'M': True}
2025-12-01 22:06:16 [DEBUG] [spot] Payload: {'e': 'aggTrade', 'E': 1764626776062, 's': 'BTCUSDT', 'a': 3768454499, 'p': '86742.73000000', 'q': '0.00021000', 'f': 5591623717, 'l': 5591623719, 'T': 1764626776043, 'm': True, 'M': True}
2025-12-01 22:06:16 [DEBUG] [spot] Payload: {'e': 'aggTrade', 'E': 1764626776062, 's': 'BTCUSDT', 'a': 3768454500, 'p': '86742.72000000', 'q': '0.13751000', 'f': 5591623720, 'l': 5591623720, 'T': 1764626776043, 'm': True, 'M': True}
2025-12-01 22:06:16 [DEBUG] [spot] Payload: {'e': 'aggTrade', 'E': 1764626776062, 's': 'BTCUSDT', 'a': 3768454501, 'p': '86742.67000000', 'q': '0.00018000', 'f': 5591623721, 'l': 5591623723, 'T': 1764626776043, 'm': True, 'M': True}
2025-12-01 22:06:16 [DEBUG] [spot] Payload: {'e': 'aggTrade', 'E': 1764626776062, 's': 'BTCUSDT', 'a': 3768454502, 'p': '86742.66000000', 'q': '0.00300000', 'f': 5591623724, 'l': 5591623724, 'T': 1764626776043, 'm': True, 'M': True}
2025-12-01 22:06:16 [DEBUG] [spot] Payload: {'e': 'aggTrade', 'E': 1764626776068, 's': 'BTCUSDT', 'a': 3768454503, 'p': '86742.00000000', 'q': '0.00176000', 'f': 5591623725, 'l': 5591623732, 'T': 1764626776045, 'm': True, 'M': True}
2025-12-01 22:06:16 [DEBUG] [spot] Payload: {'e': 'aggTrade', 'E': 1764626776068, 's': 'BTCUSDT', 'a': 3768454504, 'p': '86741.36000000', 'q': '0.00188000', 'f': 5591623733, 'l': 5591623733, 'T': 1764626776045, 'm': True, 'M': True}
2025-12-01 22:06:16 [DEBUG] [spot] Payload: {'e': 'aggTrade', 'E': 1764626776068, 's': 'BTCUSDT', 'a': 3768454505, 'p': '86741.29000000', 'q': '0.00012000', 'f': 5591623734, 'l': 5591623734, 'T': 1764626776045, 'm': True, 'M': True}
2025-12-01 22:06:16 [DEBUG] [spot] Payload: {'e': 'aggTrade', 'E': 1764626776068, 's': 'BTCUSDT', 'a': 3768454506, 'p': '86741.20000000', 'q': '0.00006000', 'f': 5591623735, 'l': 5591623735, 'T': 1764626776045, 'm': True, 'M': True}
2025-12-01 22:06:16 [DEBUG] [spot] Payload: {'e': 'aggTrade', 'E': 1764626776068, 's': 'BTCUSDT', 'a': 3768454507, 'p': '86741.18000000', 'q': '0.00076000', 'f': 5591623736, 'l': 5591623739, 'T': 1764626776045, 'm': True, 'M': True}
2025-12-01 22:06:16 [DEBUG] [spot] Payload: {'e': 'aggTrade', 'E': 1764626776068, 's': 'BTCUSDT', 'a': 3768454508, 'p': '86740.32000000', 'q': '0.00013000', 'f': 5591623740, 'l': 5591623741, 'T': 1764626776045, 'm': True, 'M': True}
2025-12-01 22:06:16 [DEBUG] [spot] Payload: {'e': 'aggTrade', 'E': 1764626776068, 's': 'BTCUSDT', 'a': 3768454509, 'p': '86740.01000000', 'q': '0.00018000', 'f': 5591623742, 'l': 5591623744, 'T': 1764626776045, 'm': True, 'M': True}
2025-12-01 22:06:16 [DEBUG] [spot] Payload: {'e': 'aggTrade', 'E': 1764626776068, 's': 'BTCUSDT', 'a': 3768454510, 'p': '86740.00000000', 'q': '0.00158000', 'f': 5591623745, 'l': 5591623749, 'T': 1764626776045, 'm': True, 'M': True}
2025-12-01 22:06:16 [DEBUG] [spot] Payload: {'e': 'aggTrade', 'E': 1764626776068, 's': 'BTCUSDT', 'a': 3768454511, 'p': '86739.59000000', 'q': '0.00268000', 'f': 5591623750, 'l': 5591623753, 'T': 1764626776045, 'm': True, 'M': True}
2025-12-01 22:06:16 [DEBUG] [spot] Payload: {'e': 'aggTrade', 'E': 1764626776077, 's': 'BTCUSDT', 'a': 3768454512, 'p': '86738.98000000', 'q': '0.00006000', 'f': 5591623754, 'l': 5591623754, 'T': 1764626776050, 'm': True, 'M': True}
2025-12-01 22:06:16 [DEBUG] [spot] Payload: {'e': 'aggTrade', 'E': 1764626776077, 's': 'BTCUSDT', 'a': 3768454513, 'p': '86738.17000000', 'q': '0.00012000', 'f': 5591623755, 'l': 5591623755, 'T': 1764626776050, 'm': True, 'M': True}
2025-12-01 22:06:16 [DEBUG] [spot] Payload: {'e': 'aggTrade', 'E': 1764626776077, 's': 'BTCUSDT', 'a': 3768454514, 'p': '86738.00000000', 'q': '0.00140000', 'f': 5591623756, 'l': 5591623757, 'T': 1764626776050, 'm': True, 'M': True}
2025-12-01 22:06:16 [DEBUG] [spot] Payload: {'e': 'aggTrade', 'E': 1764626776077, 's': 'BTCUSDT', 'a': 3768454515, 'p': '86737.75000000', 'q': '0.00009000', 'f': 5591623758, 'l': 5591623758, 'T': 1764626776050, 'm': True, 'M': True}
2025-12-01 22:06:16 [DEBUG] [spot] Payload: {'e': 'aggTrade', 'E': 1764626776077, 's': 'BTCUSDT', 'a': 3768454516, 'p': '86737.36000000', 'q': '0.09384000', 'f': 5591623759, 'l': 5591623759, 'T': 1764626776050, 'm': True, 'M': True}
2025-12-01 22:06:16 [DEBUG] [perp] Payload: {'e': 'aggTrade', 'E': 1764626776062, 'a': 2990357395, 's': 'BTCUSDT', 'p': '86696.50', 'q': '0.005', 'f': 6961039600, 'l': 6961039601, 'T': 1764626776057, 'm': True}
2025-12-01 22:06:16 [DEBUG] [perp] Payload: {'e': 'aggTrade', 'E': 1764626776062, 'a': 2990357396, 's': 'BTCUSDT', 'p': '86696.30', 'q': '0.016', 'f': 6961039602, 'l': 6961039602, 'T': 1764626776057, 'm': True}
2025-12-01 22:06:16 [DEBUG] [perp] Payload: {'e': 'aggTrade', 'E': 1764626776062, 'a': 2990357397, 's': 'BTCUSDT', 'p': '86696.20', 'q': '0.002', 'f': 6961039603, 'l': 6961039603, 'T': 1764626776057, 'm': True}
2025-12-01 22:06:16 [DEBUG] [perp] Payload: {'e': 'aggTrade', 'E': 1764626776062, 'a': 2990357398, 's': 'BTCUSDT', 'p': '86696.00', 'q': '0.005', 'f': 6961039604, 'l': 6961039605, 'T': 1764626776057, 'm': True}
2025-12-01 22:06:16 [DEBUG] [perp] Payload: {'e': 'aggTrade', 'E': 1764626776062, 'a': 2990357399, 's': 'BTCUSDT', 'p': '86695.70', 'q': '0.007', 'f': 6961039606, 'l': 6961039608, 'T': 1764626776057, 'm': True}
2025-12-01 22:06:16 [DEBUG] [perp] Payload: {'e': 'aggTrade', 'E': 1764626776062, 'a': 2990357400, 's': 'BTCUSDT', 'p': '86695.60', 'q': '0.002', 'f': 6961039609, 'l': 6961039609, 'T': 1764626776057, 'm': True}
2025-12-01 22:06:16 [DEBUG] [perp] Payload: {'e': 'aggTrade', 'E': 1764626776062, 'a': 2990357401, 's': 'BTCUSDT', 'p': '86695.50', 'q': '0.007', 'f': 6961039610, 'l': 6961039612, 'T': 1764626776057, 'm': True}
2025-12-01 22:06:16 [DEBUG] [perp] Payload: {'e': 'aggTrade', 'E': 1764626776062, 'a': 2990357402, 's': 'BTCUSDT', 'p': '86695.30', 'q': '0.003', 'f': 6961039613, 'l': 6961039613, 'T': 1764626776057, 'm': True}
2025-12-01 22:06:16 [DEBUG] [perp] Payload: {'e': 'aggTrade', 'E': 1764626776062, 'a': 2990357403, 's': 'BTCUSDT', 'p': '86695.00', 'q': '0.006', 'f': 6961039614, 'l': 6961039615, 'T': 1764626776057, 'm': True}
2025-12-01 22:06:16 [DEBUG] [perp] Payload: {'e': 'aggTrade', 'E': 1764626776062, 'a': 2990357404, 's': 'BTCUSDT', 'p': '86694.80', 'q': '0.036', 'f': 6961039616, 'l': 6961039616, 'T': 1764626776057, 'm': True}
2025-12-01 22:06:16 [DEBUG] [perp] Payload: {'e': 'aggTrade', 'E': 1764626776062, 'a': 2990357405, 's': 'BTCUSDT', 'p': '86694.70', 'q': '0.003', 'f': 6961039617, 'l': 6961039617, 'T': 1764626776057, 'm': True}
2025-12-01 22:06:16 [DEBUG] [perp] Payload: {'e': 'aggTrade', 'E': 1764626776062, 'a': 2990357406, 's': 'BTCUSDT', 'p': '86694.60', 'q': '0.002', 'f': 6961039618, 'l': 6961039618, 'T': 1764626776057, 'm': True}
2025-12-01 22:06:16 [DEBUG] [perp] Payload: {'e': 'aggTrade', 'E': 1764626776062, 'a': 2990357407, 's': 'BTCUSDT', 'p': '86694.50', 'q': '0.002', 'f': 6961039619, 'l': 6961039619, 'T': 1764626776057, 'm': True}
2025-12-01 22:06:16 [DEBUG] [perp] Payload: {'e': 'aggTrade', 'E': 1764626776062, 'a': 2990357408, 's': 'BTCUSDT', 'p': '86694.40', 'q': '0.004', 'f': 6961039620, 'l': 6961039621, 'T': 1764626776057, 'm': True}
2025-12-01 22:06:16 [DEBUG] [perp] Payload: {'e': 'aggTrade', 'E': 1764626776062, 'a': 2990357409, 's': 'BTCUSDT', 'p': '86694.30', 'q': '0.002', 'f': 6961039622, 'l': 6961039622, 'T': 1764626776057, 'm': True}
2025-12-01 22:06:16 [DEBUG] [perp] Payload: {'e': 'aggTrade', 'E': 1764626776062, 'a': 2990357410, 's': 'BTCUSDT', 'p': '86694.20', 'q': '0.003', 'f': 6961039623, 'l': 6961039623, 'T': 1764626776057, 'm': True}
2025-12-01 22:06:16 [DEBUG] [perp] Payload: {'e': 'aggTrade', 'E': 1764626776062, 'a': 2990357411, 's': 'BTCUSDT', 'p': '86694.10', 'q': '0.005', 'f': 6961039624, 'l': 6961039625, 'T': 1764626776057, 'm': True}
2025-12-01 22:06:16 [DEBUG] [perp] Payload: {'e': 'aggTrade', 'E': 1764626776062, 'a': 2990357412, 's': 'BTCUSDT', 'p': '86693.70', 'q': '0.002', 'f': 6961039626, 'l': 6961039626, 'T': 1764626776057, 'm': True}
2025-12-01 22:06:16 [DEBUG] [perp] Payload: {'e': 'aggTrade', 'E': 1764626776062, 'a': 2990357413, 's': 'BTCUSDT', 'p': '86693.60', 'q': '0.003', 'f': 6961039627, 'l': 6961039627, 'T': 1764626776057, 'm': True}
2025-12-01 22:06:16 [DEBUG] [perp] Payload: {'e': 'aggTrade', 'E': 1764626776069, 'a': 2990357414, 's': 'BTCUSDT', 'p': '86693.50', 'q': '0.002', 'f': 6961039628, 'l': 6961039628, 'T': 1764626776057, 'm': True}
2025-12-01 22:06:16 [DEBUG] [perp] Payload: {'e': 'aggTrade', 'E': 1764626776069, 'a': 2990357415, 's': 'BTCUSDT', 'p': '86693.40', 'q': '0.003', 'f': 6961039629, 'l': 6961039629, 'T': 1764626776064, 'm': True}
2025-12-01 22:06:16 [DEBUG] [perp] Payload: {'e': 'aggTrade', 'E': 1764626776072, 'a': 2990357416, 's': 'BTCUSDT', 'p': '86693.00', 'q': '0.026', 'f': 6961039630, 'l': 6961039631, 'T': 1764626776064, 'm': True}
2025-12-01 22:06:16 [DEBUG] [perp] Payload: {'e': 'aggTrade', 'E': 1764626776085, 'a': 2990357417, 's': 'BTCUSDT', 'p': '86692.90', 'q': '0.002', 'f': 6961039632, 'l': 6961039632, 'T': 1764626776067, 'm': True}
2025-12-01 22:06:16 [DEBUG] [perp] Payload: {'e': 'aggTrade', 'E': 1764626776085, 'a': 2990357418, 's': 'BTCUSDT', 'p': '86692.60', 'q': '0.005', 'f': 6961039633, 'l': 6961039634, 'T': 1764626776081, 'm': True}
2025-12-01 22:06:16 [DEBUG] [perp] Payload: {'e': 'aggTrade', 'E': 1764626776085, 'a': 2990357419, 's': 'BTCUSDT', 'p': '86692.50', 'q': '0.002', 'f': 6961039635, 'l': 6961039635, 'T': 1764626776081, 'm': True}
2025-12-01 22:06:16 [DEBUG] [perp] Payload: {'e': 'aggTrade', 'E': 1764626776085, 'a': 2990357420, 's': 'BTCUSDT', 'p': '86692.20', 'q': '0.011', 'f': 6961039636, 'l': 6961039636, 'T': 1764626776081, 'm': True}
2025-12-01 22:06:16 [DEBUG] [perp] Payload: {'e': 'aggTrade', 'E': 1764626776085, 'a': 2990357421, 's': 'BTCUSDT', 'p': '86692.10', 'q': '0.002', 'f': 6961039637, 'l': 6961039637, 'T': 1764626776081, 'm': True}
2025-12-01 22:06:16 [DEBUG] [perp] Payload: {'e': 'aggTrade', 'E': 1764626776085, 'a': 2990357422, 's': 'BTCUSDT', 'p': '86692.00', 'q': '0.002', 'f': 6961039638, 'l': 6961039638, 'T': 1764626776081, 'm': True}
2025-12-01 22:06:16 [DEBUG] [perp] Payload: {'e': 'aggTrade', 'E': 1764626776085, 'a': 2990357423, 's': 'BTCUSDT', 'p': '86691.90', 'q': '0.005', 'f': 6961039639, 'l': 6961039640, 'T': 1764626776081, 'm': True}
2025-12-01 22:06:16 [DEBUG] [perp] Payload: {'e': 'aggTrade', 'E': 1764626776085, 'a': 2990357424, 's': 'BTCUSDT', 'p': '86691.80', 'q': '0.005', 'f': 6961039641, 'l': 6961039642, 'T': 1764626776081, 'm': True}
2025-12-01 22:06:16 [DEBUG] [perp] Payload: {'e': 'aggTrade', 'E': 1764626776085, 'a': 2990357425, 's': 'BTCUSDT', 'p': '86691.70', 'q': '0.002', 'f': 6961039643, 'l': 6961039643, 'T': 1764626776081, 'm': True}
2025-12-01 22:06:16 [DEBUG] [perp] Payload: {'e': 'aggTrade', 'E': 1764626776086, 'a': 2990357426, 's': 'BTCUSDT', 'p': '86691.60', 'q': '0.004', 'f': 6961039644, 'l': 6961039645, 'T': 1764626776081, 'm': True}
2025-12-01 22:06:16 [DEBUG] [perp] Payload: {'e': 'aggTrade', 'E': 1764626776086, 'a': 2990357427, 's': 'BTCUSDT', 'p': '86691.00', 'q': '0.003', 'f': 6961039646, 'l': 6961039646, 'T': 1764626776081, 'm': True}
2025-12-01 22:06:16 [DEBUG] [perp] Payload: {'e': 'aggTrade', 'E': 1764626776086, 'a': 2990357428, 's': 'BTCUSDT', 'p': '86690.80', 'q': '0.003', 'f': 6961039647, 'l': 6961039647, 'T': 1764626776081, 'm': True}
2025-12-01 22:06:16 [DEBUG] [perp] Payload: {'e': 'aggTrade', 'E': 1764626776086, 'a': 2990357429, 's': 'BTCUSDT', 'p': '86690.60', 'q': '0.002', 'f': 6961039648, 'l': 6961039648, 'T': 1764626776081, 'm': True}
2025-12-01 22:06:16 [DEBUG] [perp] Payload: {'e': 'aggTrade', 'E': 1764626776086, 'a': 2990357430, 's': 'BTCUSDT', 'p': '86690.50', 'q': '0.002', 'f': 6961039649, 'l': 6961039649, 'T': 1764626776081, 'm': True}
2025-12-01 22:06:16 [DEBUG] [perp] Payload: {'e': 'aggTrade', 'E': 1764626776086, 'a': 2990357431, 's': 'BTCUSDT', 'p': '86690.40', 'q': '0.002', 'f': 6961039650, 'l': 6961039650, 'T': 1764626776081, 'm': True}
2025-12-01 22:06:16 [DEBUG] [perp] Payload: {'e': 'aggTrade', 'E': 1764626776086, 'a': 2990357432, 's': 'BTCUSDT', 'p': '86690.20', 'q': '0.006', 'f': 6961039651, 'l': 6961039652, 'T': 1764626776081, 'm': True}
2025-12-01 22:06:16 [DEBUG] [perp] Payload: {'e': 'aggTrade', 'E': 1764626776086, 'a': 2990357433, 's': 'BTCUSDT', 'p': '86690.00', 'q': '0.003', 'f': 6961039653, 'l': 6961039653, 'T': 1764626776081, 'm': True}
2025-12-01 22:06:16 [DEBUG] [perp] Payload: {'e': 'aggTrade', 'E': 1764626776086, 'a': 2990357434, 's': 'BTCUSDT', 'p': '86689.50', 'q': '0.061', 'f': 6961039654, 'l': 6961039654, 'T': 1764626776081, 'm': True}
2025-12-01 22:06:16 [DEBUG] [perp] Payload: {'e': 'aggTrade', 'E': 1764626776086, 'a': 2990357435, 's': 'BTCUSDT', 'p': '86689.40', 'q': '0.003', 'f': 6961039655, 'l': 6961039655, 'T': 1764626776081, 'm': True}
2025-12-01 22:06:16 [DEBUG] [perp] Payload: {'e': 'aggTrade', 'E': 1764626776098, 'a': 2990357436, 's': 'BTCUSDT', 'p': '86689.30', 'q': '0.002', 'f': 6961039656, 'l': 6961039656, 'T': 1764626776081, 'm': True}
2025-12-01 22:06:16 [DEBUG] [perp] Payload: {'e': 'aggTrade', 'E': 1764626776098, 'a': 2990357437, 's': 'BTCUSDT', 'p': '86689.20', 'q': '0.004', 'f': 6961039657, 'l': 6961039658, 'T': 1764626776093, 'm': True}
2025-12-01 22:06:16 [DEBUG] [perp] Payload: {'e': 'aggTrade', 'E': 1764626776098, 'a': 2990357438, 's': 'BTCUSDT', 'p': '86689.00', 'q': '0.005', 'f': 6961039659, 'l': 6961039660, 'T': 1764626776093, 'm': True}
2025-12-01 22:06:16 [DEBUG] [perp] Payload: {'e': 'aggTrade', 'E': 1764626776098, 'a': 2990357439, 's': 'BTCUSDT', 'p': '86688.90', 'q': '0.002', 'f': 6961039661, 'l': 6961039661, 'T': 1764626776093, 'm': True}
2025-12-01 22:06:16 [DEBUG] [perp] Payload: {'e': 'aggTrade', 'E': 1764626776098, 'a': 2990357440, 's': 'BTCUSDT', 'p': '86688.80', 'q': '0.009', 'f': 6961039662, 'l': 6961039664, 'T': 1764626776093, 'm': True}
2025-12-01 22:06:16 [DEBUG] [perp] Payload: {'e': 'aggTrade', 'E': 1764626776098, 'a': 2990357441, 's': 'BTCUSDT', 'p': '86688.20', 'q': '0.028', 'f': 6961039665, 'l': 6961039678, 'T': 1764626776093, 'm': True}
2025-12-01 22:06:16 [DEBUG] [perp] Payload: {'e': 'aggTrade', 'E': 1764626776098, 'a': 2990357442, 's': 'BTCUSDT', 'p': '86688.10', 'q': '0.005', 'f': 6961039679, 'l': 6961039680, 'T': 1764626776093, 'm': True}
2025-12-01 22:06:16 [DEBUG] [perp] Payload: {'e': 'aggTrade', 'E': 1764626776098, 'a': 2990357443, 's': 'BTCUSDT', 'p': '86688.00', 'q': '0.007', 'f': 6961039681, 'l': 6961039683, 'T': 1764626776093, 'm': True}
2025-12-01 22:06:16 [DEBUG] [perp] Payload: {'e': 'aggTrade', 'E': 1764626776104, 'a': 2990357444, 's': 'BTCUSDT', 'p': '86687.90', 'q': '0.357', 'f': 6961039684, 'l': 6961039685, 'T': 1764626776093, 'm': True}
2025-12-01 22:06:16 [DEBUG] [perp] Payload: {'e': 'aggTrade', 'E': 1764626776104, 'a': 2990357445, 's': 'BTCUSDT', 'p': '86687.70', 'q': '0.039', 'f': 6961039686, 'l': 6961039689, 'T': 1764626776100, 'm': True}
2025-12-01 22:06:16 [DEBUG] [perp] Payload: {'e': 'aggTrade', 'E': 1764626776104, 'a': 2990357446, 's': 'BTCUSDT', 'p': '86687.60', 'q': '0.014', 'f': 6961039690, 'l': 6961039692, 'T': 1764626776100, 'm': True}
2025-12-01 22:06:16 [DEBUG] [perp] Payload: {'e': 'aggTrade', 'E': 1764626776104, 'a': 2990357447, 's': 'BTCUSDT', 'p': '86687.50', 'q': '0.003', 'f': 6961039693, 'l': 6961039693, 'T': 1764626776100, 'm': True}
2025-12-01 22:06:16 [DEBUG] [perp] Payload: {'e': 'aggTrade', 'E': 1764626776108, 'a': 2990357448, 's': 'BTCUSDT', 'p': '86687.30', 'q': '0.002', 'f': 6961039694, 'l': 6961039694, 'T': 1764626776100, 'm': True}
2025-12-01 22:06:16 [DEBUG] [perp] Payload: {'e': 'aggTrade', 'E': 1764626776108, 'a': 2990357449, 's': 'BTCUSDT', 'p': '86687.10', 'q': '0.003', 'f': 6961039695, 'l': 6961039695, 'T': 1764626776102, 'm': True}
2025-12-01 22:06:16 [DEBUG] [perp] Payload: {'e': 'aggTrade', 'E': 1764626776108, 'a': 2990357450, 's': 'BTCUSDT', 'p': '86687.00', 'q': '0.005', 'f': 6961039696, 'l': 6961039697, 'T': 1764626776102, 'm': True}
2025-12-01 22:06:16 [DEBUG] [perp] Payload: {'e': 'aggTrade', 'E': 1764626776108, 'a': 2990357451, 's': 'BTCUSDT', 'p': '86686.80', 'q': '0.006', 'f': 6961039698, 'l': 6961039700, 'T': 1764626776102, 'm': True}
2025-12-01 22:06:16 [DEBUG] [perp] Payload: {'e': 'aggTrade', 'E': 1764626776108, 'a': 2990357452, 's': 'BTCUSDT', 'p': '86686.60', 'q': '0.002', 'f': 6961039701, 'l': 6961039701, 'T': 1764626776102, 'm': True}
2025-12-01 22:06:16 [DEBUG] [perp] Payload: {'e': 'aggTrade', 'E': 1764626776108, 'a': 2990357453, 's': 'BTCUSDT', 'p': '86686.50', 'q': '0.016', 'f': 6961039702, 'l': 6961039702, 'T': 1764626776102, 'm': True}
2025-12-01 22:06:16 [DEBUG] [perp] Payload: {'e': 'aggTrade', 'E': 1764626776108, 'a': 2990357454, 's': 'BTCUSDT', 'p': '86686.40', 'q': '0.003', 'f': 6961039703, 'l': 6961039703, 'T': 1764626776102, 'm': True}
2025-12-01 22:06:16 [DEBUG] [perp] Payload: {'e': 'aggTrade', 'E': 1764626776108, 'a': 2990357455, 's': 'BTCUSDT', 'p': '86686.20', 'q': '0.005', 'f': 6961039704, 'l': 6961039705, 'T': 1764626776102, 'm': True}
2025-12-01 22:06:16 [DEBUG] [perp] Payload: {'e': 'aggTrade', 'E': 1764626776108, 'a': 2990357456, 's': 'BTCUSDT', 'p': '86686.00', 'q': '0.349', 'f': 6961039706, 'l': 6961039707, 'T': 1764626776102, 'm': True}
2025-12-01 22:06:16 [DEBUG] [perp] Payload: {'e': 'aggTrade', 'E': 1764626776108, 'a': 2990357457, 's': 'BTCUSDT', 'p': '86685.90', 'q': '0.003', 'f': 6961039708, 'l': 6961039708, 'T': 1764626776102, 'm': True}
2025-12-01 22:06:16 [DEBUG] [perp] Payload: {'e': 'aggTrade', 'E': 1764626776108, 'a': 2990357458, 's': 'BTCUSDT', 'p': '86685.80', 'q': '0.004', 'f': 6961039709, 'l': 6961039710, 'T': 1764626776102, 'm': True}
2025-12-01 22:06:16 [DEBUG] [perp] Payload: {'e': 'aggTrade', 'E': 1764626776108, 'a': 2990357459, 's': 'BTCUSDT', 'p': '86685.70', 'q': '0.002', 'f': 6961039711, 'l': 6961039711, 'T': 1764626776103, 'm': True}
2025-12-01 22:06:16 [DEBUG] [perp] Payload: {'e': 'aggTrade', 'E': 1764626776108, 'a': 2990357460, 's': 'BTCUSDT', 'p': '86685.60', 'q': '0.005', 'f': 6961039712, 'l': 6961039713, 'T': 1764626776103, 'm': True}
2025-12-01 22:06:16 [DEBUG] [perp] Payload: {'e': 'aggTrade', 'E': 1764626776108, 'a': 2990357461, 's': 'BTCUSDT', 'p': '86685.30', 'q': '0.050', 'f': 6961039714, 'l': 6961039714, 'T': 1764626776103, 'm': True}
2025-12-01 22:06:16 [DEBUG] [perp] Payload: {'e': 'aggTrade', 'E': 1764626776108, 'a': 2990357462, 's': 'BTCUSDT', 'p': '86685.20', 'q': '0.003', 'f': 6961039715, 'l': 6961039715, 'T': 1764626776103, 'm': True}
2025-12-01 22:06:16 [DEBUG] [perp] Payload: {'e': 'aggTrade', 'E': 1764626776108, 'a': 2990357463, 's': 'BTCUSDT', 'p': '86685.10', 'q': '0.056', 'f': 6961039716, 'l': 6961039717, 'T': 1764626776103, 'm': True}
2025-12-01 22:06:16 [DEBUG] [perp] Payload: {'e': 'aggTrade', 'E': 1764626776108, 'a': 2990357464, 's': 'BTCUSDT', 'p': '86685.00', 'q': '0.156', 'f': 6961039718, 'l': 6961039720, 'T': 1764626776103, 'm': True}
2025-12-01 22:06:16 [DEBUG] [perp] Payload: {'e': 'aggTrade', 'E': 1764626776108, 'a': 2990357465, 's': 'BTCUSDT', 'p': '86684.80', 'q': '0.003', 'f': 6961039721, 'l': 6961039721, 'T': 1764626776103, 'm': True}
2025-12-01 22:06:16 [DEBUG] [perp] Payload: {'e': 'aggTrade', 'E': 1764626776108, 'a': 2990357466, 's': 'BTCUSDT', 'p': '86684.60', 'q': '0.002', 'f': 6961039722, 'l': 6961039722, 'T': 1764626776103, 'm': True}
2025-12-01 22:06:16 [DEBUG] [perp] Payload: {'e': 'aggTrade', 'E': 1764626776108, 'a': 2990357467, 's': 'BTCUSDT', 'p': '86684.50', 'q': '0.003', 'f': 6961039723, 'l': 6961039723, 'T': 1764626776103, 'm': True}
2025-12-01 22:06:16 [DEBUG] [perp] Payload: {'e': 'aggTrade', 'E': 1764626776114, 'a': 2990357468, 's': 'BTCUSDT', 'p': '86684.40', 'q': '0.154', 'f': 6961039724, 'l': 6961039731, 'T': 1764626776103, 'm': True}
2025-12-01 22:06:16 [DEBUG] [perp] Payload: {'e': 'aggTrade', 'E': 1764626776115, 'a': 2990357469, 's': 'BTCUSDT', 'p': '86684.30', 'q': '0.106', 'f': 6961039732, 'l': 6961039734, 'T': 1764626776109, 'm': True}
2025-12-01 22:06:16 [DEBUG] [perp] Payload: {'e': 'aggTrade', 'E': 1764626776115, 'a': 2990357470, 's': 'BTCUSDT', 'p': '86684.20', 'q': '0.050', 'f': 6961039735, 'l': 6961039735, 'T': 1764626776109, 'm': True}
2025-12-01 22:06:16 [DEBUG] [perp] Payload: {'e': 'aggTrade', 'E': 1764626776115, 'a': 2990357471, 's': 'BTCUSDT', 'p': '86684.10', 'q': '0.050', 'f': 6961039736, 'l': 6961039736, 'T': 1764626776109, 'm': True}
2025-12-01 22:06:16 [DEBUG] [perp] Payload: {'e': 'aggTrade', 'E': 1764626776115, 'a': 2990357472, 's': 'BTCUSDT', 'p': '86684.00', 'q': '0.005', 'f': 6961039737, 'l': 6961039738, 'T': 1764626776109, 'm': True}
2025-12-01 22:06:16 [DEBUG] [perp] Payload: {'e': 'aggTrade', 'E': 1764626776115, 'a': 2990357473, 's': 'BTCUSDT', 'p': '86683.90', 'q': '0.003', 'f': 6961039739, 'l': 6961039739, 'T': 1764626776109, 'm': True}
2025-12-01 22:06:16 [DEBUG] [perp] Payload: {'e': 'aggTrade', 'E': 1764626776128, 'a': 2990357474, 's': 'BTCUSDT', 'p': '86683.80', 'q': '0.004', 'f': 6961039740, 'l': 6961039740, 'T': 1764626776109, 'm': True}
2025-12-01 22:06:16 [DEBUG] [perp] Payload: {'e': 'aggTrade', 'E': 1764626776131, 'a': 2990357475, 's': 'BTCUSDT', 'p': '86683.60', 'q': '0.297', 'f': 6961039741, 'l': 6961039745, 'T': 1764626776122, 'm': True}
2025-12-01 22:06:16 [DEBUG] [perp] Payload: {'e': 'aggTrade', 'E': 1764626776131, 'a': 2990357476, 's': 'BTCUSDT', 'p': '86683.50', 'q': '0.025', 'f': 6961039746, 'l': 6961039747, 'T': 1764626776125, 'm': True}
2025-12-01 22:06:16 [DEBUG] [perp] Payload: {'e': 'aggTrade', 'E': 1764626776141, 'a': 2990357477, 's': 'BTCUSDT', 'p': '86683.40', 'q': '0.150', 'f': 6961039748, 'l': 6961039754, 'T': 1764626776125, 'm': True}
2025-12-01 22:06:16 [DEBUG] [perp] Payload: {'e': 'aggTrade', 'E': 1764626776147, 'a': 2990357478, 's': 'BTCUSDT', 'p': '86683.30', 'q': '0.145', 'f': 6961039755, 'l': 6961039760, 'T': 1764626776136, 'm': True}
2025-12-01 22:06:16 [DEBUG] [perp] Payload: {'e': 'aggTrade', 'E': 1764626776147, 'a': 2990357479, 's': 'BTCUSDT', 'p': '86683.20', 'q': '0.134', 'f': 6961039761, 'l': 6961039764, 'T': 1764626776142, 'm': True}
2025-12-01 22:06:16 [DEBUG] [perp] Payload: {'e': 'aggTrade', 'E': 1764626776147, 'a': 2990357480, 's': 'BTCUSDT', 'p': '86683.00', 'q': '0.004', 'f': 6961039765, 'l': 6961039765, 'T': 1764626776143, 'm': True}
2025-12-01 22:06:16 [DEBUG] [perp] Payload: {'e': 'aggTrade', 'E': 1764626776157, 'a': 2990357481, 's': 'BTCUSDT', 'p': '86682.90', 'q': '0.003', 'f': 6961039766, 'l': 6961039766, 'T': 1764626776143, 'm': True}
2025-12-01 22:06:16 [DEBUG] [perp] Payload: {'e': 'aggTrade', 'E': 1764626776163, 'a': 2990357482, 's': 'BTCUSDT', 'p': '86682.60', 'q': '0.011', 'f': 6961039767, 'l': 6961039769, 'T': 1764626776151, 'm': True}
2025-12-01 22:06:16 [DEBUG] [perp] Payload: {'e': 'aggTrade', 'E': 1764626776173, 'a': 2990357483, 's': 'BTCUSDT', 'p': '86682.50', 'q': '0.007', 'f': 6961039770, 'l': 6961039770, 'T': 1764626776158, 'm': True}
2025-12-01 22:06:16 [DEBUG] [perp] Payload: {'e': 'aggTrade', 'E': 1764626776173, 'a': 2990357484, 's': 'BTCUSDT', 'p': '86682.40', 'q': '0.008', 'f': 6961039771, 'l': 6961039773, 'T': 1764626776168, 'm': True}
2025-12-01 22:06:16 [DEBUG] [perp] Payload: {'e': 'aggTrade', 'E': 1764626776173, 'a': 2990357485, 's': 'BTCUSDT', 'p': '86681.90', 'q': '0.003', 'f': 6961039774, 'l': 6961039774, 'T': 1764626776168, 'm': True}
2025-12-01 22:06:16 [DEBUG] [perp] Payload: {'e': 'aggTrade', 'E': 1764626776173, 'a': 2990357486, 's': 'BTCUSDT', 'p': '86681.70', 'q': '0.006', 'f': 6961039775, 'l': 6961039776, 'T': 1764626776168, 'm': True}
2025-12-01 22:06:16 [DEBUG] [perp] Payload: {'e': 'aggTrade', 'E': 1764626776173, 'a': 2990357487, 's': 'BTCUSDT', 'p': '86681.60', 'q': '0.007', 'f': 6961039777, 'l': 6961039779, 'T': 1764626776168, 'm': True}
2025-12-01 22:06:16 [DEBUG] [perp] Payload: {'e': 'aggTrade', 'E': 1764626776173, 'a': 2990357488, 's': 'BTCUSDT', 'p': '86681.50', 'q': '0.002', 'f': 6961039780, 'l': 6961039780, 'T': 1764626776168, 'm': True}
2025-12-01 22:06:16 [DEBUG] [perp] Payload: {'e': 'aggTrade', 'E': 1764626776173, 'a': 2990357489, 's': 'BTCUSDT', 'p': '86681.40', 'q': '0.010', 'f': 6961039781, 'l': 6961039784, 'T': 1764626776168, 'm': True}
2025-12-01 22:06:16 [DEBUG] [perp] Payload: {'e': 'aggTrade', 'E': 1764626776173, 'a': 2990357490, 's': 'BTCUSDT', 'p': '86681.10', 'q': '0.002', 'f': 6961039785, 'l': 6961039785, 'T': 1764626776168, 'm': True}
2025-12-01 22:06:16 [DEBUG] [perp] Payload: {'e': 'aggTrade', 'E': 1764626776175, 'a': 2990357491, 's': 'BTCUSDT', 'p': '86681.00', 'q': '0.093', 'f': 6961039786, 'l': 6961039787, 'T': 1764626776168, 'm': True}
2025-12-01 22:06:16 [DEBUG] [perp] Payload: {'e': 'aggTrade', 'E': 1764626776175, 'a': 2990357492, 's': 'BTCUSDT', 'p': '86680.90', 'q': '0.007', 'f': 6961039788, 'l': 6961039789, 'T': 1764626776169, 'm': True}
2025-12-01 22:06:16 [DEBUG] [perp] Payload: {'e': 'aggTrade', 'E': 1764626776175, 'a': 2990357493, 's': 'BTCUSDT', 'p': '86680.80', 'q': '0.064', 'f': 6961039790, 'l': 6961039793, 'T': 1764626776169, 'm': True}
2025-12-01 22:06:16 [DEBUG] [perp] Payload: {'e': 'aggTrade', 'E': 1764626776175, 'a': 2990357494, 's': 'BTCUSDT', 'p': '86680.40', 'q': '0.003', 'f': 6961039794, 'l': 6961039794, 'T': 1764626776169, 'm': True}
2025-12-01 22:06:16 [DEBUG] [perp] Payload: {'e': 'aggTrade', 'E': 1764626776175, 'a': 2990357495, 's': 'BTCUSDT', 'p': '86680.30', 'q': '0.002', 'f': 6961039795, 'l': 6961039795, 'T': 1764626776169, 'm': True}
2025-12-01 22:06:16 [DEBUG] [perp] Payload: {'e': 'aggTrade', 'E': 1764626776175, 'a': 2990357496, 's': 'BTCUSDT', 'p': '86680.20', 'q': '0.002', 'f': 6961039796, 'l': 6961039796, 'T': 1764626776169, 'm': True}
2025-12-01 22:06:16 [DEBUG] [perp] Payload: {'e': 'aggTrade', 'E': 1764626776201, 'a': 2990357497, 's': 'BTCUSDT', 'p': '86680.00', 'q': '0.137', 'f': 6961039797, 'l': 6961039800, 'T': 1764626776169, 'm': True}
2025-12-01 22:06:16 [DEBUG] [perp] Payload: {'e': 'aggTrade', 'E': 1764626776237, 'a': 2990357498, 's': 'BTCUSDT', 'p': '86682.30', 'q': '0.095', 'f': 6961039801, 'l': 6961039803, 'T': 1764626776197, 'm': True}
2025-12-01 22:06:16 [DEBUG] [perp] Payload: {'e': 'aggTrade', 'E': 1764626776237, 'a': 2990357499, 's': 'BTCUSDT', 'p': '86680.80', 'q': '0.023', 'f': 6961039804, 'l': 6961039804, 'T': 1764626776232, 'm': True}
2025-12-01 22:06:16 [DEBUG] [spot] Payload: {'e': 'aggTrade', 'E': 1764626776079, 's': 'BTCUSDT', 'a': 3768454517, 'p': '86737.36000000', 'q': '0.00344000', 'f': 5591623760, 'l': 5591623760, 'T': 1764626776051, 'm': True, 'M': True}
2025-12-01 22:06:16 [DEBUG] [spot] Payload: {'e': 'aggTrade', 'E': 1764626776079, 's': 'BTCUSDT', 'a': 3768454518, 'p': '86737.35000000', 'q': '0.08400000', 'f': 5591623761, 'l': 5591623761, 'T': 1764626776051, 'm': True, 'M': True}
2025-12-01 22:06:16 [DEBUG] [spot] Payload: {'e': 'aggTrade', 'E': 1764626776079, 's': 'BTCUSDT', 'a': 3768454519, 'p': '86736.94000000', 'q': '0.00007000', 'f': 5591623762, 'l': 5591623762, 'T': 1764626776051, 'm': True, 'M': True}
2025-12-01 22:06:16 [DEBUG] [spot] Payload: {'e': 'aggTrade', 'E': 1764626776079, 's': 'BTCUSDT', 'a': 3768454520, 'p': '86736.78000000', 'q': '0.00011000', 'f': 5591623763, 'l': 5591623763, 'T': 1764626776051, 'm': True, 'M': True}
2025-12-01 22:06:16 [DEBUG] [spot] Payload: {'e': 'aggTrade', 'E': 1764626776079, 's': 'BTCUSDT', 'a': 3768454521, 'p': '86736.65000000', 'q': '0.00006000', 'f': 5591623764, 'l': 5591623764, 'T': 1764626776051, 'm': True, 'M': True}
2025-12-01 22:06:16 [DEBUG] [spot] Payload: {'e': 'aggTrade', 'E': 1764626776079, 's': 'BTCUSDT', 'a': 3768454522, 'p': '86736.47000000', 'q': '0.03488000', 'f': 5591623765, 'l': 5591623765, 'T': 1764626776051, 'm': True, 'M': True}
2025-12-01 22:06:16 [DEBUG] [spot] Payload: {'e': 'aggTrade', 'E': 1764626776082, 's': 'BTCUSDT', 'a': 3768454523, 'p': '86736.00000000', 'q': '0.00007000', 'f': 5591623766, 'l': 5591623766, 'T': 1764626776052, 'm': True, 'M': True}
2025-12-01 22:06:16 [DEBUG] [spot] Payload: {'e': 'aggTrade', 'E': 1764626776083, 's': 'BTCUSDT', 'a': 3768454524, 'p': '86736.00000000', 'q': '0.00133000', 'f': 5591623767, 'l': 5591623768, 'T': 1764626776052, 'm': True, 'M': True}
2025-12-01 22:06:16 [DEBUG] [spot] Payload: {'e': 'aggTrade', 'E': 1764626776083, 's': 'BTCUSDT', 'a': 3768454525, 'p': '86735.95000000', 'q': '0.00012000', 'f': 5591623769, 'l': 5591623769, 'T': 1764626776052, 'm': True, 'M': True}
2025-12-01 22:06:16 [DEBUG] [spot] Payload: {'e': 'aggTrade', 'E': 1764626776083, 's': 'BTCUSDT', 'a': 3768454526, 'p': '86735.76000000', 'q': '0.00006000', 'f': 5591623770, 'l': 5591623770, 'T': 1764626776052, 'm': True, 'M': True}
2025-12-01 22:06:16 [DEBUG] [spot] Payload: {'e': 'aggTrade', 'E': 1764626776083, 's': 'BTCUSDT', 'a': 3768454527, 'p': '86735.52000000', 'q': '0.00007000', 'f': 5591623771, 'l': 5591623771, 'T': 1764626776052, 'm': True, 'M': True}
2025-12-01 22:06:16 [DEBUG] [spot] Payload: {'e': 'aggTrade', 'E': 1764626776083, 's': 'BTCUSDT', 'a': 3768454528, 'p': '86735.43000000', 'q': '0.02580000', 'f': 5591623772, 'l': 5591623772, 'T': 1764626776052, 'm': True, 'M': True}
2025-12-01 22:06:16 [DEBUG] [spot] Payload: {'e': 'aggTrade', 'E': 1764626776083, 's': 'BTCUSDT', 'a': 3768454529, 'p': '86735.43000000', 'q': '0.04020000', 'f': 5591623773, 'l': 5591623773, 'T': 1764626776052, 'm': True, 'M': True}
2025-12-01 22:06:16 [DEBUG] [spot] Payload: {'e': 'aggTrade', 'E': 1764626776090, 's': 'BTCUSDT', 'a': 3768454530, 'p': '86735.21000000', 'q': '0.01152000', 'f': 5591623774, 'l': 5591623774, 'T': 1764626776055, 'm': True, 'M': True}
2025-12-01 22:06:16 [DEBUG] [spot] Payload: {'e': 'aggTrade', 'E': 1764626776090, 's': 'BTCUSDT', 'a': 3768454531, 'p': '86735.21000000', 'q': '0.00165000', 'f': 5591623775, 'l': 5591623775, 'T': 1764626776055, 'm': True, 'M': True}
2025-12-01 22:06:16 [DEBUG] [spot] Payload: {'e': 'aggTrade', 'E': 1764626776090, 's': 'BTCUSDT', 'a': 3768454532, 'p': '86735.04000000', 'q': '0.00987000', 'f': 5591623776, 'l': 5591623776, 'T': 1764626776055, 'm': True, 'M': True}
2025-12-01 22:06:16 [DEBUG] [spot] Payload: {'e': 'aggTrade', 'E': 1764626776090, 's': 'BTCUSDT', 'a': 3768454533, 'p': '86735.04000000', 'q': '0.01152000', 'f': 5591623777, 'l': 5591623777, 'T': 1764626776055, 'm': True, 'M': True}
2025-12-01 22:06:16 [DEBUG] [spot] Payload: {'e': 'aggTrade', 'E': 1764626776090, 's': 'BTCUSDT', 'a': 3768454534, 'p': '86735.04000000', 'q': '0.01152000', 'f': 5591623778, 'l': 5591623778, 'T': 1764626776055, 'm': True, 'M': True}
2025-12-01 22:06:16 [DEBUG] [spot] Payload: {'e': 'aggTrade', 'E': 1764626776108, 's': 'BTCUSDT', 'a': 3768454535, 'p': '86735.04000000', 'q': '0.00922000', 'f': 5591623779, 'l': 5591623779, 'T': 1764626776064, 'm': True, 'M': True}
2025-12-01 22:06:16 [DEBUG] [spot] Payload: {'e': 'aggTrade', 'E': 1764626776109, 's': 'BTCUSDT', 'a': 3768454536, 'p': '86735.04000000', 'q': '0.00922000', 'f': 5591623780, 'l': 5591623780, 'T': 1764626776064, 'm': True, 'M': True}
2025-12-01 22:06:16 [DEBUG] [spot] Payload: {'e': 'aggTrade', 'E': 1764626776141, 's': 'BTCUSDT', 'a': 3768454537, 'p': '86736.48000000', 'q': '0.00007000', 'f': 5591623781, 'l': 5591623781, 'T': 1764626776080, 'm': True, 'M': True}
2025-12-01 22:06:16 [DEBUG] [spot] Payload: {'e': 'aggTrade', 'E': 1764626776141, 's': 'BTCUSDT', 'a': 3768454538, 'p': '86736.47000000', 'q': '0.00018000', 'f': 5591623782, 'l': 5591623784, 'T': 1764626776080, 'm': True, 'M': True}
2025-12-01 22:06:16 [DEBUG] [spot] Payload: {'e': 'aggTrade', 'E': 1764626776145, 's': 'BTCUSDT', 'a': 3768454539, 'p': '86735.04000000', 'q': '0.00018000', 'f': 5591623785, 'l': 5591623787, 'T': 1764626776082, 'm': True, 'M': True}
2025-12-01 22:06:16 [DEBUG] [spot] Payload: {'e': 'aggTrade', 'E': 1764626776145, 's': 'BTCUSDT', 'a': 3768454540, 'p': '86735.03000000', 'q': '0.00053000', 'f': 5591623788, 'l': 5591623788, 'T': 1764626776082, 'm': True, 'M': True}
2025-12-01 22:06:16 [DEBUG] [spot] Payload: {'e': 'aggTrade', 'E': 1764626776146, 's': 'BTCUSDT', 'a': 3768454541, 'p': '86735.03000000', 'q': '0.00247000', 'f': 5591623789, 'l': 5591623789, 'T': 1764626776082, 'm': True, 'M': True}
2025-12-01 22:06:16 [DEBUG] [spot] Payload: {'e': 'aggTrade', 'E': 1764626776146, 's': 'BTCUSDT', 'a': 3768454542, 'p': '86734.82000000', 'q': '0.00006000', 'f': 5591623790, 'l': 5591623790, 'T': 1764626776082, 'm': True, 'M': True}
2025-12-01 22:06:16 [DEBUG] [spot] Payload: {'e': 'aggTrade', 'E': 1764626776146, 's': 'BTCUSDT', 'a': 3768454543, 'p': '86734.34000000', 'q': '0.00097000', 'f': 5591623791, 'l': 5591623791, 'T': 1764626776082, 'm': True, 'M': True}
2025-12-01 22:06:16 [DEBUG] [spot] Payload: {'e': 'aggTrade', 'E': 1764626776151, 's': 'BTCUSDT', 'a': 3768454544, 'p': '86736.00000000', 'q': '0.00006000', 'f': 5591623792, 'l': 5591623792, 'T': 1764626776085, 'm': True, 'M': True}
2025-12-01 22:06:16 [DEBUG] [spot] Payload: {'e': 'aggTrade', 'E': 1764626776151, 's': 'BTCUSDT', 'a': 3768454545, 'p': '86734.34000000', 'q': '0.00036000', 'f': 5591623793, 'l': 5591623796, 'T': 1764626776085, 'm': True, 'M': True}
2025-12-01 22:06:16 [DEBUG] [spot] Payload: {'e': 'aggTrade', 'E': 1764626776151, 's': 'BTCUSDT', 'a': 3768454546, 'p': '86734.00000000', 'q': '0.00220000', 'f': 5591623797, 'l': 5591623799, 'T': 1764626776085, 'm': True, 'M': True}
2025-12-01 22:06:16 [DEBUG] [spot] Payload: {'e': 'aggTrade', 'E': 1764626776151, 's': 'BTCUSDT', 'a': 3768454547, 'p': '86733.45000000', 'q': '0.00577000', 'f': 5591623800, 'l': 5591623800, 'T': 1764626776085, 'm': True, 'M': True}
2025-12-01 22:06:16 [DEBUG] [spot] Payload: {'e': 'aggTrade', 'E': 1764626776151, 's': 'BTCUSDT', 'a': 3768454548, 'p': '86733.29000000', 'q': '0.00012000', 'f': 5591623801, 'l': 5591623801, 'T': 1764626776085, 'm': True, 'M': True}
2025-12-01 22:06:16 [DEBUG] [spot] Payload: {'e': 'aggTrade', 'E': 1764626776151, 's': 'BTCUSDT', 'a': 3768454549, 'p': '86732.82000000', 'q': '0.00007000', 'f': 5591623802, 'l': 5591623802, 'T': 1764626776085, 'm': True, 'M': True}
2025-12-01 22:06:16 [DEBUG] [spot] Payload: {'e': 'aggTrade', 'E': 1764626776155, 's': 'BTCUSDT', 'a': 3768454550, 'p': '86735.20000000', 'q': '0.00006000', 'f': 5591623803, 'l': 5591623803, 'T': 1764626776087, 'm': True, 'M': True}
2025-12-01 22:06:16 [DEBUG] [spot] Payload: {'e': 'aggTrade', 'E': 1764626776156, 's': 'BTCUSDT', 'a': 3768454551, 'p': '86732.14000000', 'q': '0.00923000', 'f': 5591623804, 'l': 5591623804, 'T': 1764626776087, 'm': True, 'M': True}
2025-12-01 22:06:16 [DEBUG] [spot] Payload: {'e': 'aggTrade', 'E': 1764626776169, 's': 'BTCUSDT', 'a': 3768454552, 'p': '86732.14000000', 'q': '0.01152000', 'f': 5591623805, 'l': 5591623805, 'T': 1764626776094, 'm': True, 'M': True}
2025-12-01 22:06:16 [DEBUG] [spot] Payload: {'e': 'aggTrade', 'E': 1764626776169, 's': 'BTCUSDT', 'a': 3768454553, 'p': '86732.14000000', 'q': '0.01152000', 'f': 5591623806, 'l': 5591623806, 'T': 1764626776094, 'm': True, 'M': True}
2025-12-01 22:06:16 [DEBUG] [spot] Payload: {'e': 'aggTrade', 'E': 1764626776170, 's': 'BTCUSDT', 'a': 3768454554, 'p': '86732.14000000', 'q': '0.01152000', 'f': 5591623807, 'l': 5591623807, 'T': 1764626776094, 'm': True, 'M': True}
2025-12-01 22:06:16 [DEBUG] [spot] Payload: {'e': 'aggTrade', 'E': 1764626776170, 's': 'BTCUSDT', 'a': 3768454555, 'p': '86732.14000000', 'q': '0.01152000', 'f': 5591623808, 'l': 5591623808, 'T': 1764626776094, 'm': True, 'M': True}
2025-12-01 22:06:16 [DEBUG] [spot] Payload: {'e': 'aggTrade', 'E': 1764626776187, 's': 'BTCUSDT', 'a': 3768454556, 'p': '86732.14000000', 'q': '0.00008000', 'f': 5591623809, 'l': 5591623809, 'T': 1764626776102, 'm': True, 'M': True}
2025-12-01 22:06:16 [DEBUG] [spot] Payload: {'e': 'aggTrade', 'E': 1764626776204, 's': 'BTCUSDT', 'a': 3768454557, 'p': '86732.14000000', 'q': '0.00922000', 'f': 5591623810, 'l': 5591623811, 'T': 1764626776113, 'm': True, 'M': True}
2025-12-01 22:06:16 [DEBUG] [spot] Payload: {'e': 'aggTrade', 'E': 1764626776209, 's': 'BTCUSDT', 'a': 3768454558, 'p': '86732.14000000', 'q': '0.00922000', 'f': 5591623812, 'l': 5591623812, 'T': 1764626776117, 'm': True, 'M': True}
2025-12-01 22:06:16 [DEBUG] [spot] Payload: {'e': 'aggTrade', 'E': 1764626776224, 's': 'BTCUSDT', 'a': 3768454559, 'p': '86733.85000000', 'q': '0.00075000', 'f': 5591623813, 'l': 5591623824, 'T': 1764626776129, 'm': True, 'M': True}
2025-12-01 22:06:16 [DEBUG] [spot] Payload: {'e': 'aggTrade', 'E': 1764626776224, 's': 'BTCUSDT', 'a': 3768454560, 'p': '86733.84000000', 'q': '0.00018000', 'f': 5591623825, 'l': 5591623827, 'T': 1764626776129, 'm': True, 'M': True}
2025-12-01 22:06:16 [DEBUG] [spot] Payload: {'e': 'aggTrade', 'E': 1764626776236, 's': 'BTCUSDT', 'a': 3768454561, 'p': '86732.81000000', 'q': '0.00021000', 'f': 5591623828, 'l': 5591623830, 'T': 1764626776140, 'm': True, 'M': True}
2025-12-01 22:06:16 [DEBUG] [spot] Payload: {'e': 'aggTrade', 'E': 1764626776236, 's': 'BTCUSDT', 'a': 3768454562, 'p': '86732.80000000', 'q': '0.00018000', 'f': 5591623831, 'l': 5591623833, 'T': 1764626776140, 'm': True, 'M': True}
2025-12-01 22:06:16 [DEBUG] [spot] Payload: {'e': 'aggTrade', 'E': 1764626776236, 's': 'BTCUSDT', 'a': 3768454563, 'p': '86732.15000000', 'q': '0.00021000', 'f': 5591623834, 'l': 5591623836, 'T': 1764626776140, 'm': True, 'M': True}
2025-12-01 22:06:16 [DEBUG] [spot] Payload: {'e': 'aggTrade', 'E': 1764626776236, 's': 'BTCUSDT', 'a': 3768454564, 'p': '86732.14000000', 'q': '0.00019000', 'f': 5591623837, 'l': 5591623840, 'T': 1764626776140, 'm': True, 'M': True}
2025-12-01 22:06:16 [DEBUG] [spot] Payload: {'e': 'aggTrade', 'E': 1764626776242, 's': 'BTCUSDT', 'a': 3768454565, 'p': '86732.14000000', 'q': '0.00059000', 'f': 5591623841, 'l': 5591623850, 'T': 1764626776145, 'm': True, 'M': True}
2025-12-01 22:06:16 [DEBUG] [spot] Payload: {'e': 'aggTrade', 'E': 1764626776242, 's': 'BTCUSDT', 'a': 3768454566, 'p': '86732.13000000', 'q': '0.00007000', 'f': 5591623851, 'l': 5591623851, 'T': 1764626776145, 'm': True, 'M': True}
2025-12-01 22:06:16 [DEBUG] [spot] Payload: {'e': 'aggTrade', 'E': 1764626776242, 's': 'BTCUSDT', 'a': 3768454567, 'p': '86732.12000000', 'q': '0.00018000', 'f': 5591623852, 'l': 5591623854, 'T': 1764626776145, 'm': True, 'M': True}
2025-12-01 22:06:16 [DEBUG] [spot] Payload: {'e': 'aggTrade', 'E': 1764626776242, 's': 'BTCUSDT', 'a': 3768454568, 'p': '86732.10000000', 'q': '0.00006000', 'f': 5591623855, 'l': 5591623855, 'T': 1764626776145, 'm': True, 'M': True}
2025-12-01 22:06:16 [DEBUG] [spot] Payload: {'e': 'aggTrade', 'E': 1764626776242, 's': 'BTCUSDT', 'a': 3768454569, 'p': '86732.04000000', 'q': '0.00018000', 'f': 5591623856, 'l': 5591623858, 'T': 1764626776145, 'm': True, 'M': True}
2025-12-01 22:06:16 [DEBUG] [spot] Payload: {'e': 'aggTrade', 'E': 1764626776242, 's': 'BTCUSDT', 'a': 3768454570, 'p': '86732.00000000', 'q': '0.00238000', 'f': 5591623859, 'l': 5591623864, 'T': 1764626776145, 'm': True, 'M': True}
2025-12-01 22:06:16 [DEBUG] [spot] Payload: {'e': 'aggTrade', 'E': 1764626776242, 's': 'BTCUSDT', 'a': 3768454571, 'p': '86731.20000000', 'q': '0.00006000', 'f': 5591623865, 'l': 5591623865, 'T': 1764626776145, 'm': True, 'M': True}
2025-12-01 22:06:16 [DEBUG] [spot] Payload: {'e': 'aggTrade', 'E': 1764626776251, 's': 'BTCUSDT', 'a': 3768454572, 'p': '86730.65000000', 'q': '0.00060000', 'f': 5591623866, 'l': 5591623875, 'T': 1764626776152, 'm': True, 'M': True}
2025-12-01 22:06:16 [DEBUG] [spot] Payload: {'e': 'aggTrade', 'E': 1764626776251, 's': 'BTCUSDT', 'a': 3768454573, 'p': '86730.51000000', 'q': '0.00300000', 'f': 5591623876, 'l': 5591623876, 'T': 1764626776152, 'm': True, 'M': True}
2025-12-01 22:06:16 [DEBUG] [spot] Payload: {'e': 'aggTrade', 'E': 1764626776251, 's': 'BTCUSDT', 'a': 3768454574, 'p': '86730.30000000', 'q': '0.00007000', 'f': 5591623877, 'l': 5591623877, 'T': 1764626776152, 'm': True, 'M': True}
2025-12-01 22:06:16 [DEBUG] [spot] Payload: {'e': 'aggTrade', 'E': 1764626776251, 's': 'BTCUSDT', 'a': 3768454575, 'p': '86730.00000000', 'q': '0.00220000', 'f': 5591623878, 'l': 5591623880, 'T': 1764626776152, 'm': True, 'M': True}
2025-12-01 22:06:16 [DEBUG] [spot] Payload: {'e': 'aggTrade', 'E': 1764626776251, 's': 'BTCUSDT', 'a': 3768454576, 'p': '86729.33000000', 'q': '0.00012000', 'f': 5591623881, 'l': 5591623881, 'T': 1764626776152, 'm': True, 'M': True}
2025-12-01 22:06:16 [DEBUG] [spot] Payload: {'e': 'aggTrade', 'E': 1764626776251, 's': 'BTCUSDT', 'a': 3768454577, 'p': '86728.00000000', 'q': '0.00001000', 'f': 5591623882, 'l': 5591623882, 'T': 1764626776152, 'm': True, 'M': True}
2025-12-01 22:06:16 [DEBUG] [spot] Payload: {'e': 'aggTrade', 'E': 1764626776251, 's': 'BTCUSDT', 'a': 3768454578, 'p': '86728.00000000', 'q': '0.00219000', 'f': 5591623883, 'l': 5591623885, 'T': 1764626776152, 'm': True, 'M': True}
2025-12-01 22:06:16 [DEBUG] [spot] Payload: {'e': 'aggTrade', 'E': 1764626776251, 's': 'BTCUSDT', 'a': 3768454579, 'p': '86727.55000000', 'q': '0.00006000', 'f': 5591623886, 'l': 5591623886, 'T': 1764626776152, 'm': True, 'M': True}
2025-12-01 22:06:16 [DEBUG] [spot] Payload: {'e': 'aggTrade', 'E': 1764626776251, 's': 'BTCUSDT', 'a': 3768454580, 'p': '86727.22000000', 'q': '0.00097000', 'f': 5591623887, 'l': 5591623887, 'T': 1764626776152, 'm': True, 'M': True}
2025-12-01 22:06:16 [DEBUG] [spot] Payload: {'e': 'aggTrade', 'E': 1764626776253, 's': 'BTCUSDT', 'a': 3768454581, 'p': '86727.22000000', 'q': '0.00007000', 'f': 5591623888, 'l': 5591623888, 'T': 1764626776154, 'm': True, 'M': True}
2025-12-01 22:06:16 [DEBUG] [spot] Payload: {'e': 'aggTrade', 'E': 1764626776255, 's': 'BTCUSDT', 'a': 3768454582, 'p': '86727.22000000', 'q': '0.03002000', 'f': 5591623889, 'l': 5591623889, 'T': 1764626776156, 'm': True, 'M': True}
2025-12-01 22:06:16 [DEBUG] [spot] Payload: {'e': 'aggTrade', 'E': 1764626776259, 's': 'BTCUSDT', 'a': 3768454583, 'p': '86731.62000000', 'q': '0.00006000', 'f': 5591623890, 'l': 5591623890, 'T': 1764626776159, 'm': False, 'M': True}
2025-12-01 22:06:16 [DEBUG] [spot] Payload: {'e': 'aggTrade', 'E': 1764626776278, 's': 'BTCUSDT', 'a': 3768454584, 'p': '86731.61000000', 'q': '0.00007000', 'f': 5591623891, 'l': 5591623891, 'T': 1764626776178, 'm': True, 'M': True}
2025-12-01 22:06:16 [DEBUG] [spot] Payload: {'e': 'aggTrade', 'E': 1764626776278, 's': 'BTCUSDT', 'a': 3768454585, 'p': '86730.68000000', 'q': '0.00018000', 'f': 5591623892, 'l': 5591623894, 'T': 1764626776178, 'm': True, 'M': True}
2025-12-01 22:06:16 [DEBUG] [spot] Payload: {'e': 'aggTrade', 'E': 1764626776278, 's': 'BTCUSDT', 'a': 3768454586, 'p': '86730.67000000', 'q': '0.00018000', 'f': 5591623895, 'l': 5591623897, 'T': 1764626776178, 'm': True, 'M': True}
2025-12-01 22:06:16 [DEBUG] [spot] Payload: {'e': 'aggTrade', 'E': 1764626776278, 's': 'BTCUSDT', 'a': 3768454587, 'p': '86727.22000000', 'q': '0.00676000', 'f': 5591623898, 'l': 5591623898, 'T': 1764626776178, 'm': True, 'M': True}
2025-12-01 22:06:16 [DEBUG] [perp] Payload: {'e': 'aggTrade', 'E': 1764626776313, 'a': 2990357500, 's': 'BTCUSDT', 'p': '86680.70', 'q': '0.016', 'f': 6961039805, 'l': 6961039805, 'T': 1764626776232, 'm': True}
2025-12-01 22:06:16 [DEBUG] [perp] Payload: {'e': 'aggTrade', 'E': 1764626776313, 'a': 2990357501, 's': 'BTCUSDT', 'p': '86680.00', 'q': '0.391', 'f': 6961039806, 'l': 6961039807, 'T': 1764626776309, 'm': True}
2025-12-01 22:06:16 [DEBUG] [perp] Payload: {'e': 'aggTrade', 'E': 1764626776313, 'a': 2990357502, 's': 'BTCUSDT', 'p': '86679.90', 'q': '0.005', 'f': 6961039808, 'l': 6961039809, 'T': 1764626776309, 'm': True}
2025-12-01 22:06:16 [DEBUG] [perp] Payload: {'e': 'aggTrade', 'E': 1764626776313, 'a': 2990357503, 's': 'BTCUSDT', 'p': '86679.80', 'q': '0.057', 'f': 6961039810, 'l': 6961039810, 'T': 1764626776309, 'm': True}
2025-12-01 22:06:16 [DEBUG] [spot] Payload: {'e': 'aggTrade', 'E': 1764626776360, 's': 'BTCUSDT', 'a': 3768454588, 'p': '86730.05000000', 'q': '0.00038000', 'f': 5591623899, 'l': 5591623899, 'T': 1764626776278, 'm': True, 'M': True}
2025-12-01 22:06:16 [DEBUG] [spot] Payload: {'e': 'aggTrade', 'E': 1764626776360, 's': 'BTCUSDT', 'a': 3768454589, 'p': '86728.00000000', 'q': '0.00412000', 'f': 5591623900, 'l': 5591623900, 'T': 1764626776278, 'm': True, 'M': True}
2025-12-01 22:06:16 [DEBUG] [perp] Payload: {'e': 'aggTrade', 'E': 1764626776334, 'a': 2990357504, 's': 'BTCUSDT', 'p': '86679.70', 'q': '0.002', 'f': 6961039811, 'l': 6961039811, 'T': 1764626776309, 'm': True}
2025-12-01 22:06:16 [DEBUG] [perp] Payload: {'e': 'aggTrade', 'E': 1764626776334, 'a': 2990357505, 's': 'BTCUSDT', 'p': '86679.60', 'q': '0.002', 'f': 6961039812, 'l': 6961039812, 'T': 1764626776330, 'm': True}
2025-12-01 22:06:16 [DEBUG] [perp] Payload: {'e': 'aggTrade', 'E': 1764626776334, 'a': 2990357506, 's': 'BTCUSDT', 'p': '86679.50', 'q': '0.002', 'f': 6961039813, 'l': 6961039813, 'T': 1764626776330, 'm': True}
2025-12-01 22:06:16 [DEBUG] [perp] Payload: {'e': 'aggTrade', 'E': 1764626776334, 'a': 2990357507, 's': 'BTCUSDT', 'p': '86679.40', 'q': '0.002', 'f': 6961039814, 'l': 6961039814, 'T': 1764626776330, 'm': True}
2025-12-01 22:06:16 [DEBUG] [perp] Payload: {'e': 'aggTrade', 'E': 1764626776334, 'a': 2990357508, 's': 'BTCUSDT', 'p': '86679.20', 'q': '0.003', 'f': 6961039815, 'l': 6961039815, 'T': 1764626776330, 'm': True}
2025-12-01 22:06:16 [DEBUG] [perp] Payload: {'e': 'aggTrade', 'E': 1764626776334, 'a': 2990357509, 's': 'BTCUSDT', 'p': '86679.10', 'q': '0.002', 'f': 6961039816, 'l': 6961039816, 'T': 1764626776330, 'm': True}
2025-12-01 22:06:16 [DEBUG] [perp] Payload: {'e': 'aggTrade', 'E': 1764626776334, 'a': 2990357510, 's': 'BTCUSDT', 'p': '86679.00', 'q': '0.007', 'f': 6961039817, 'l': 6961039819, 'T': 1764626776330, 'm': True}
2025-12-01 22:06:16 [DEBUG] [perp] Payload: {'e': 'aggTrade', 'E': 1764626776334, 'a': 2990357511, 's': 'BTCUSDT', 'p': '86678.90', 'q': '0.121', 'f': 6961039820, 'l': 6961039821, 'T': 1764626776330, 'm': True}
2025-12-01 22:06:16 [DEBUG] [perp] Payload: {'e': 'aggTrade', 'E': 1764626776334, 'a': 2990357512, 's': 'BTCUSDT', 'p': '86678.80', 'q': '0.002', 'f': 6961039822, 'l': 6961039822, 'T': 1764626776330, 'm': True}
2025-12-01 22:06:16 [DEBUG] [perp] Payload: {'e': 'aggTrade', 'E': 1764626776364, 'a': 2990357513, 's': 'BTCUSDT', 'p': '86678.60', 'q': '0.031', 'f': 6961039823, 'l': 6961039825, 'T': 1764626776330, 'm': True}
2025-12-01 22:06:16 [DEBUG] [spot] Payload: {'e': 'aggTrade', 'E': 1764626776383, 's': 'BTCUSDT', 'a': 3768454590, 'p': '86728.01000000', 'q': '0.29298000', 'f': 5591623901, 'l': 5591623902, 'T': 1764626776318, 'm': False, 'M': True}
2025-12-01 22:06:16 [DEBUG] [spot] Payload: {'e': 'aggTrade', 'E': 1764626776383, 's': 'BTCUSDT', 'a': 3768454591, 'p': '86730.51000000', 'q': '0.28702000', 'f': 5591623903, 'l': 5591623908, 'T': 1764626776318, 'm': False, 'M': True}
2025-12-01 22:06:16 [DEBUG] [perp] Payload: {'e': 'aggTrade', 'E': 1764626776515, 'a': 2990357514, 's': 'BTCUSDT', 'p': '86678.50', 'q': '0.004', 'f': 6961039826, 'l': 6961039827, 'T': 1764626776360, 'm': True}
2025-12-01 22:06:16 [DEBUG] [perp] Payload: {'e': 'aggTrade', 'E': 1764626776558, 'a': 2990357515, 's': 'BTCUSDT', 'p': '86678.70', 'q': '1.548', 'f': 6961039828, 'l': 6961039831, 'T': 1764626776541, 'm': False}
2025-12-01 22:06:16 [DEBUG] [perp] Payload: {'e': 'aggTrade', 'E': 1764626776617, 'a': 2990357516, 's': 'BTCUSDT', 'p': '86678.50', 'q': '0.020', 'f': 6961039832, 'l': 6961039833, 'T': 1764626776555, 'm': True}
2025-12-01 22:06:16 [DEBUG] [perp] Payload: {'e': 'aggTrade', 'E': 1764626776649, 'a': 2990357517, 's': 'BTCUSDT', 'p': '86678.60', 'q': '0.036', 'f': 6961039834, 'l': 6961039834, 'T': 1764626776614, 'm': False}
2025-12-01 22:06:16 [DEBUG] [spot] Payload: {'e': 'aggTrade', 'E': 1764626776596, 's': 'BTCUSDT', 'a': 3768454592, 'p': '86727.55000000', 'q': '0.00131000', 'f': 5591623909, 'l': 5591623910, 'T': 1764626776595, 'm': True, 'M': True}
2025-12-01 22:06:16 [DEBUG] [spot] Payload: {'e': 'aggTrade', 'E': 1764626776682, 's': 'BTCUSDT', 'a': 3768454593, 'p': '86727.56000000', 'q': '2.76040000', 'f': 5591623911, 'l': 5591623945, 'T': 1764626776681, 'm': False, 'M': True}
2025-12-01 22:06:16 [DEBUG] [perp] Payload: {'e': 'aggTrade', 'E': 1764626776732, 'a': 2990357518, 's': 'BTCUSDT', 'p': '86678.50', 'q': '4.395', 'f': 6961039835, 'l': 6961039848, 'T': 1764626776645, 'm': True}
2025-12-01 22:06:16 [DEBUG] [perp] Payload: {'e': 'aggTrade', 'E': 1764626776732, 'a': 2990357519, 's': 'BTCUSDT', 'p': '86678.50', 'q': '0.148', 'f': 6961039849, 'l': 6961039851, 'T': 1764626776728, 'm': False}
2025-12-01 22:06:16 [DEBUG] [spot] Payload: {'e': 'aggTrade', 'E': 1764626776748, 's': 'BTCUSDT', 'a': 3768454594, 'p': '86727.55000000', 'q': '0.00132000', 'f': 5591623946, 'l': 5591623946, 'T': 1764626776748, 'm': True, 'M': True}
2025-12-01 22:06:16 [DEBUG] [perp] Payload: {'e': 'aggTrade', 'E': 1764626776734, 'a': 2990357520, 's': 'BTCUSDT', 'p': '86678.60', 'q': '0.155', 'f': 6961039852, 'l': 6961039854, 'T': 1764626776728, 'm': False}
2025-12-01 22:06:16 [DEBUG] [perp] Payload: {'e': 'aggTrade', 'E': 1764626776833, 'a': 2990357521, 's': 'BTCUSDT', 'p': '86678.40', 'q': '0.338', 'f': 6961039855, 'l': 6961039859, 'T': 1764626776729, 'm': True}
2025-12-01 22:06:16 [DEBUG] [spot] Payload: {'e': 'aggTrade', 'E': 1764626776861, 's': 'BTCUSDT', 'a': 3768454595, 'p': '86727.55000000', 'q': '0.00009000', 'f': 5591623947, 'l': 5591623947, 'T': 1764626776861, 'm': True, 'M': True}
2025-12-01 22:06:16 [DEBUG] [perp] Payload: {'e': 'aggTrade', 'E': 1764626776868, 'a': 2990357522, 's': 'BTCUSDT', 'p': '86678.50', 'q': '0.062', 'f': 6961039860, 'l': 6961039863, 'T': 1764626776829, 'm': False}
2025-12-01 22:06:17 [DEBUG] [spot] Payload: {'e': 'aggTrade', 'E': 1764626776877, 's': 'BTCUSDT', 'a': 3768454596, 'p': '86727.56000000', 'q': '0.02434000', 'f': 5591623948, 'l': 5591623948, 'T': 1764626776877, 'm': False, 'M': True}
2025-12-01 22:06:17 [DEBUG] [perp] Payload: {'e': 'aggTrade', 'E': 1764626776872, 'a': 2990357523, 's': 'BTCUSDT', 'p': '86678.40', 'q': '0.011', 'f': 6961039864, 'l': 6961039864, 'T': 1764626776864, 'm': True}
2025-12-01 22:06:17 [DEBUG] [perp] Payload: {'e': 'aggTrade', 'E': 1764626777023, 'a': 2990357524, 's': 'BTCUSDT', 'p': '86678.50', 'q': '0.061', 'f': 6961039865, 'l': 6961039867, 'T': 1764626776868, 'm': False}
2025-12-01 22:06:17 [DEBUG] [perp] Payload: {'e': 'aggTrade', 'E': 1764626777080, 'a': 2990357525, 's': 'BTCUSDT', 'p': '86678.50', 'q': '0.011', 'f': 6961039868, 'l': 6961039868, 'T': 1764626777048, 'm': False}
2025-12-01 22:06:17 [DEBUG] [perp] Payload: {'e': 'aggTrade', 'E': 1764626777102, 'a': 2990357526, 's': 'BTCUSDT', 'p': '86678.40', 'q': '0.054', 'f': 6961039869, 'l': 6961039871, 'T': 1764626777078, 'm': True}
2025-12-01 22:06:17 [DEBUG] [perp] Payload: {'e': 'aggTrade', 'E': 1764626777156, 'a': 2990357527, 's': 'BTCUSDT', 'p': '86678.50', 'q': '0.055', 'f': 6961039872, 'l': 6961039872, 'T': 1764626777100, 'm': False}
2025-12-01 22:06:17 [DEBUG] [perp] Payload: {'e': 'aggTrade', 'E': 1764626777175, 'a': 2990357528, 's': 'BTCUSDT', 'p': '86678.40', 'q': '0.054', 'f': 6961039873, 'l': 6961039883, 'T': 1764626777154, 'm': True}
2025-12-01 22:06:17 [DEBUG] [perp] Payload: {'e': 'aggTrade', 'E': 1764626777175, 'a': 2990357529, 's': 'BTCUSDT', 'p': '86678.50', 'q': '0.511', 'f': 6961039884, 'l': 6961039903, 'T': 1764626777170, 'm': False}
2025-12-01 22:06:17 [DEBUG] [perp] Payload: {'e': 'aggTrade', 'E': 1764626777175, 'a': 2990357530, 's': 'BTCUSDT', 'p': '86678.60', 'q': '0.467', 'f': 6961039904, 'l': 6961039910, 'T': 1764626777171, 'm': False}
2025-12-01 22:06:17 [DEBUG] [perp] Payload: {'e': 'aggTrade', 'E': 1764626777175, 'a': 2990357531, 's': 'BTCUSDT', 'p': '86678.70', 'q': '0.029', 'f': 6961039911, 'l': 6961039919, 'T': 1764626777171, 'm': False}
2025-12-01 22:06:17 [DEBUG] [perp] Payload: {'e': 'aggTrade', 'E': 1764626777175, 'a': 2990357532, 's': 'BTCUSDT', 'p': '86679.00', 'q': '0.095', 'f': 6961039920, 'l': 6961039921, 'T': 1764626777171, 'm': False}
2025-12-01 22:06:17 [DEBUG] [perp] Payload: {'e': 'aggTrade', 'E': 1764626777175, 'a': 2990357533, 's': 'BTCUSDT', 'p': '86679.20', 'q': '0.050', 'f': 6961039922, 'l': 6961039922, 'T': 1764626777171, 'm': False}
2025-12-01 22:06:17 [DEBUG] [perp] Payload: {'e': 'aggTrade', 'E': 1764626777175, 'a': 2990357534, 's': 'BTCUSDT', 'p': '86680.00', 'q': '0.050', 'f': 6961039923, 'l': 6961039923, 'T': 1764626777171, 'm': False}
2025-12-01 22:06:17 [DEBUG] [perp] Payload: {'e': 'aggTrade', 'E': 1764626777175, 'a': 2990357535, 's': 'BTCUSDT', 'p': '86680.10', 'q': '0.216', 'f': 6961039924, 'l': 6961039928, 'T': 1764626777171, 'm': False}
2025-12-01 22:06:17 [DEBUG] [perp] Payload: {'e': 'aggTrade', 'E': 1764626777175, 'a': 2990357536, 's': 'BTCUSDT', 'p': '86680.50', 'q': '0.002', 'f': 6961039929, 'l': 6961039929, 'T': 1764626777171, 'm': False}
2025-12-01 22:06:17 [DEBUG] [perp] Payload: {'e': 'aggTrade', 'E': 1764626777175, 'a': 2990357537, 's': 'BTCUSDT', 'p': '86680.70', 'q': '0.003', 'f': 6961039930, 'l': 6961039930, 'T': 1764626777171, 'm': False}
2025-12-01 22:06:17 [DEBUG] [perp] Payload: {'e': 'aggTrade', 'E': 1764626777175, 'a': 2990357538, 's': 'BTCUSDT', 'p': '86680.80', 'q': '0.002', 'f': 6961039931, 'l': 6961039931, 'T': 1764626777171, 'm': False}
2025-12-01 22:06:17 [DEBUG] [perp] Payload: {'e': 'aggTrade', 'E': 1764626777175, 'a': 2990357539, 's': 'BTCUSDT', 'p': '86680.90', 'q': '0.003', 'f': 6961039932, 'l': 6961039932, 'T': 1764626777171, 'm': False}
2025-12-01 22:06:17 [DEBUG] [perp] Payload: {'e': 'aggTrade', 'E': 1764626777175, 'a': 2990357540, 's': 'BTCUSDT', 'p': '86681.10', 'q': '0.005', 'f': 6961039933, 'l': 6961039933, 'T': 1764626777171, 'm': False}
2025-12-01 22:06:17 [DEBUG] [perp] Payload: {'e': 'aggTrade', 'E': 1764626777175, 'a': 2990357541, 's': 'BTCUSDT', 'p': '86681.20', 'q': '0.093', 'f': 6961039934, 'l': 6961039934, 'T': 1764626777171, 'm': False}
2025-12-01 22:06:17 [DEBUG] [perp] Payload: {'e': 'aggTrade', 'E': 1764626777175, 'a': 2990357542, 's': 'BTCUSDT', 'p': '86681.40', 'q': '0.003', 'f': 6961039935, 'l': 6961039935, 'T': 1764626777171, 'm': False}
2025-12-01 22:06:17 [DEBUG] [perp] Payload: {'e': 'aggTrade', 'E': 1764626777175, 'a': 2990357543, 's': 'BTCUSDT', 'p': '86681.50', 'q': '0.003', 'f': 6961039936, 'l': 6961039936, 'T': 1764626777171, 'm': False}
2025-12-01 22:06:17 [DEBUG] [perp] Payload: {'e': 'aggTrade', 'E': 1764626777175, 'a': 2990357544, 's': 'BTCUSDT', 'p': '86681.60', 'q': '0.002', 'f': 6961039937, 'l': 6961039937, 'T': 1764626777171, 'm': False}
2025-12-01 22:06:17 [DEBUG] [perp] Payload: {'e': 'aggTrade', 'E': 1764626777175, 'a': 2990357545, 's': 'BTCUSDT', 'p': '86681.70', 'q': '0.004', 'f': 6961039938, 'l': 6961039939, 'T': 1764626777171, 'm': False}
2025-12-01 22:06:17 [DEBUG] [perp] Payload: {'e': 'aggTrade', 'E': 1764626777175, 'a': 2990357546, 's': 'BTCUSDT', 'p': '86681.90', 'q': '0.006', 'f': 6961039940, 'l': 6961039941, 'T': 1764626777171, 'm': False}
2025-12-01 22:06:17 [DEBUG] [perp] Payload: {'e': 'aggTrade', 'E': 1764626777175, 'a': 2990357547, 's': 'BTCUSDT', 'p': '86682.10', 'q': '0.003', 'f': 6961039942, 'l': 6961039942, 'T': 1764626777171, 'm': False}
2025-12-01 22:06:17 [DEBUG] [perp] Payload: {'e': 'aggTrade', 'E': 1764626777175, 'a': 2990357548, 's': 'BTCUSDT', 'p': '86682.20', 'q': '0.007', 'f': 6961039943, 'l': 6961039944, 'T': 1764626777171, 'm': False}
2025-12-01 22:06:17 [DEBUG] [perp] Payload: {'e': 'aggTrade', 'E': 1764626777175, 'a': 2990357549, 's': 'BTCUSDT', 'p': '86682.40', 'q': '0.099', 'f': 6961039945, 'l': 6961039947, 'T': 1764626777171, 'm': False}
2025-12-01 22:06:17 [DEBUG] [perp] Payload: {'e': 'aggTrade', 'E': 1764626777175, 'a': 2990357550, 's': 'BTCUSDT', 'p': '86682.90', 'q': '0.013', 'f': 6961039948, 'l': 6961039951, 'T': 1764626777171, 'm': False}
2025-12-01 22:06:17 [DEBUG] [perp] Payload: {'e': 'aggTrade', 'E': 1764626777175, 'a': 2990357551, 's': 'BTCUSDT', 'p': '86683.00', 'q': '0.005', 'f': 6961039952, 'l': 6961039952, 'T': 1764626777171, 'm': False}
2025-12-01 22:06:17 [DEBUG] [perp] Payload: {'e': 'aggTrade', 'E': 1764626777175, 'a': 2990357552, 's': 'BTCUSDT', 'p': '86683.10', 'q': '0.010', 'f': 6961039953, 'l': 6961039954, 'T': 1764626777171, 'm': False}
2025-12-01 22:06:17 [DEBUG] [perp] Payload: {'e': 'aggTrade', 'E': 1764626777175, 'a': 2990357553, 's': 'BTCUSDT', 'p': '86683.20', 'q': '0.002', 'f': 6961039955, 'l': 6961039955, 'T': 1764626777171, 'm': False}
2025-12-01 22:06:17 [DEBUG] [perp] Payload: {'e': 'aggTrade', 'E': 1764626777175, 'a': 2990357554, 's': 'BTCUSDT', 'p': '86683.30', 'q': '0.010', 'f': 6961039956, 'l': 6961039957, 'T': 1764626777171, 'm': False}
2025-12-01 22:06:17 [DEBUG] [perp] Payload: {'e': 'aggTrade', 'E': 1764626777175, 'a': 2990357555, 's': 'BTCUSDT', 'p': '86683.40', 'q': '0.108', 'f': 6961039958, 'l': 6961039962, 'T': 1764626777171, 'm': False}
2025-12-01 22:06:17 [DEBUG] [perp] Payload: {'e': 'aggTrade', 'E': 1764626777175, 'a': 2990357556, 's': 'BTCUSDT', 'p': '86683.50', 'q': '0.012', 'f': 6961039963, 'l': 6961039965, 'T': 1764626777171, 'm': False}
2025-12-01 22:06:17 [DEBUG] [perp] Payload: {'e': 'aggTrade', 'E': 1764626777175, 'a': 2990357557, 's': 'BTCUSDT', 'p': '86683.60', 'q': '0.007', 'f': 6961039966, 'l': 6961039967, 'T': 1764626777171, 'm': False}
2025-12-01 22:06:17 [DEBUG] [perp] Payload: {'e': 'aggTrade', 'E': 1764626777175, 'a': 2990357558, 's': 'BTCUSDT', 'p': '86683.90', 'q': '0.006', 'f': 6961039968, 'l': 6961039969, 'T': 1764626777171, 'm': False}
2025-12-01 22:06:17 [DEBUG] [perp] Payload: {'e': 'aggTrade', 'E': 1764626777175, 'a': 2990357559, 's': 'BTCUSDT', 'p': '86684.00', 'q': '0.005', 'f': 6961039970, 'l': 6961039970, 'T': 1764626777171, 'm': False}
2025-12-01 22:06:17 [DEBUG] [perp] Payload: {'e': 'aggTrade', 'E': 1764626777175, 'a': 2990357560, 's': 'BTCUSDT', 'p': '86684.10', 'q': '0.009', 'f': 6961039971, 'l': 6961039973, 'T': 1764626777171, 'm': False}
2025-12-01 22:06:17 [DEBUG] [perp] Payload: {'e': 'aggTrade', 'E': 1764626777175, 'a': 2990357561, 's': 'BTCUSDT', 'p': '86684.20', 'q': '0.005', 'f': 6961039974, 'l': 6961039974, 'T': 1764626777171, 'm': False}
2025-12-01 22:06:17 [DEBUG] [perp] Payload: {'e': 'aggTrade', 'E': 1764626777178, 'a': 2990357562, 's': 'BTCUSDT', 'p': '86684.30', 'q': '0.005', 'f': 6961039975, 'l': 6961039975, 'T': 1764626777171, 'm': False}
2025-12-01 22:06:17 [DEBUG] [spot] Payload: {'e': 'aggTrade', 'E': 1764626777171, 's': 'BTCUSDT', 'a': 3768454597, 'p': '86727.56000000', 'q': '0.11653000', 'f': 5591623949, 'l': 5591623951, 'T': 1764626777170, 'm': False, 'M': True}
2025-12-01 22:06:17 [DEBUG] [spot] Payload: {'e': 'aggTrade', 'E': 1764626777171, 's': 'BTCUSDT', 'a': 3768454598, 'p': '86727.56000000', 'q': '0.17995000', 'f': 5591623952, 'l': 5591623965, 'T': 1764626777170, 'm': False, 'M': True}
2025-12-01 22:06:17 [DEBUG] [spot] Payload: {'e': 'aggTrade', 'E': 1764626777171, 's': 'BTCUSDT', 'a': 3768454599, 'p': '86727.56000000', 'q': '0.21096000', 'f': 5591623966, 'l': 5591623966, 'T': 1764626777170, 'm': False, 'M': True}
2025-12-01 22:06:17 [DEBUG] [spot] Payload: {'e': 'aggTrade', 'E': 1764626777171, 's': 'BTCUSDT', 'a': 3768454600, 'p': '86727.56000000', 'q': '0.07706000', 'f': 5591623967, 'l': 5591623968, 'T': 1764626777170, 'm': False, 'M': True}
2025-12-01 22:06:17 [DEBUG] [spot] Payload: {'e': 'aggTrade', 'E': 1764626777171, 's': 'BTCUSDT', 'a': 3768454601, 'p': '86727.56000000', 'q': '0.07615000', 'f': 5591623969, 'l': 5591623969, 'T': 1764626777170, 'm': False, 'M': True}
2025-12-01 22:06:17 [DEBUG] [spot] Payload: {'e': 'aggTrade', 'E': 1764626777172, 's': 'BTCUSDT', 'a': 3768454602, 'p': '86727.56000000', 'q': '0.02820000', 'f': 5591623970, 'l': 5591623970, 'T': 1764626777170, 'm': False, 'M': True}
2025-12-01 22:06:17 [DEBUG] [spot] Payload: {'e': 'aggTrade', 'E': 1764626777172, 's': 'BTCUSDT', 'a': 3768454603, 'p': '86727.56000000', 'q': '0.01021000', 'f': 5591623971, 'l': 5591623972, 'T': 1764626777170, 'm': False, 'M': True}
2025-12-01 22:06:17 [DEBUG] [spot] Payload: {'e': 'aggTrade', 'E': 1764626777173, 's': 'BTCUSDT', 'a': 3768454604, 'p': '86727.56000000', 'q': '0.00110000', 'f': 5591623973, 'l': 5591623973, 'T': 1764626777171, 'm': False, 'M': True}
2025-12-01 22:06:17 [DEBUG] [spot] Payload: {'e': 'aggTrade', 'E': 1764626777177, 's': 'BTCUSDT', 'a': 3768454605, 'p': '86727.56000000', 'q': '0.06768000', 'f': 5591623974, 'l': 5591623982, 'T': 1764626777174, 'm': False, 'M': True}
2025-12-01 22:06:17 [DEBUG] [spot] Payload: {'e': 'aggTrade', 'E': 1764626777185, 's': 'BTCUSDT', 'a': 3768454606, 'p': '86727.56000000', 'q': '0.05784000', 'f': 5591623983, 'l': 5591623985, 'T': 1764626777179, 'm': False, 'M': True}
2025-12-01 22:06:17 [DEBUG] [spot] Payload: {'e': 'aggTrade', 'E': 1764626777187, 's': 'BTCUSDT', 'a': 3768454607, 'p': '86727.56000000', 'q': '0.13697000', 'f': 5591623986, 'l': 5591623990, 'T': 1764626777180, 'm': False, 'M': True}
2025-12-01 22:06:17 [DEBUG] [spot] Payload: {'e': 'aggTrade', 'E': 1764626777187, 's': 'BTCUSDT', 'a': 3768454608, 'p': '86727.56000000', 'q': '0.00244000', 'f': 5591623991, 'l': 5591623995, 'T': 1764626777181, 'm': False, 'M': True}
2025-12-01 22:06:17 [DEBUG] [spot] Payload: {'e': 'aggTrade', 'E': 1764626777187, 's': 'BTCUSDT', 'a': 3768454609, 'p': '86727.57000000', 'q': '0.06171000', 'f': 5591623996, 'l': 5591623997, 'T': 1764626777181, 'm': False, 'M': True}
2025-12-01 22:06:17 [DEBUG] [spot] Payload: {'e': 'aggTrade', 'E': 1764626777193, 's': 'BTCUSDT', 'a': 3768454610, 'p': '86727.56000000', 'q': '0.00353000', 'f': 5591623998, 'l': 5591623998, 'T': 1764626777192, 'm': False, 'M': True}
2025-12-01 22:06:17 [DEBUG] [spot] Payload: {'e': 'aggTrade', 'E': 1764626777210, 's': 'BTCUSDT', 'a': 3768454611, 'p': '86727.56000000', 'q': '0.07297000', 'f': 5591623999, 'l': 5591623999, 'T': 1764626777209, 'm': False, 'M': True}
2025-12-01 22:06:17 [DEBUG] [spot] Payload: {'e': 'aggTrade', 'E': 1764626777210, 's': 'BTCUSDT', 'a': 3768454612, 'p': '86727.56000000', 'q': '0.28053000', 'f': 5591624000, 'l': 5591624000, 'T': 1764626777210, 'm': False, 'M': True}
2025-12-01 22:06:17 [DEBUG] [spot] Payload: {'e': 'aggTrade', 'E': 1764626777220, 's': 'BTCUSDT', 'a': 3768454613, 'p': '86727.56000000', 'q': '0.19614000', 'f': 5591624001, 'l': 5591624024, 'T': 1764626777219, 'm': False, 'M': True}
2025-12-01 22:06:17 [DEBUG] [spot] Payload: {'e': 'aggTrade', 'E': 1764626777220, 's': 'BTCUSDT', 'a': 3768454614, 'p': '86727.57000000', 'q': '0.02548000', 'f': 5591624025, 'l': 5591624037, 'T': 1764626777219, 'm': False, 'M': True}
2025-12-01 22:06:17 [DEBUG] [perp] Payload: {'e': 'aggTrade', 'E': 1764626777179, 'a': 2990357563, 's': 'BTCUSDT', 'p': '86684.40', 'q': '0.031', 'f': 6961039976, 'l': 6961039979, 'T': 1764626777173, 'm': False}
2025-12-01 22:06:17 [DEBUG] [perp] Payload: {'e': 'aggTrade', 'E': 1764626777180, 'a': 2990357564, 's': 'BTCUSDT', 'p': '86684.50', 'q': '0.093', 'f': 6961039980, 'l': 6961039981, 'T': 1764626777174, 'm': False}
2025-12-01 22:06:17 [DEBUG] [perp] Payload: {'e': 'aggTrade', 'E': 1764626777180, 'a': 2990357565, 's': 'BTCUSDT', 'p': '86684.70', 'q': '0.599', 'f': 6961039982, 'l': 6961039985, 'T': 1764626777174, 'm': False}
2025-12-01 22:06:17 [DEBUG] [perp] Payload: {'e': 'aggTrade', 'E': 1764626777180, 'a': 2990357566, 's': 'BTCUSDT', 'p': '86684.80', 'q': '0.007', 'f': 6961039986, 'l': 6961039988, 'T': 1764626777174, 'm': False}
2025-12-01 22:06:17 [DEBUG] [perp] Payload: {'e': 'aggTrade', 'E': 1764626777180, 'a': 2990357567, 's': 'BTCUSDT', 'p': '86684.90', 'q': '0.008', 'f': 6961039989, 'l': 6961039991, 'T': 1764626777174, 'm': False}
2025-12-01 22:06:17 [DEBUG] [perp] Payload: {'e': 'aggTrade', 'E': 1764626777180, 'a': 2990357568, 's': 'BTCUSDT', 'p': '86685.00', 'q': '0.002', 'f': 6961039992, 'l': 6961039992, 'T': 1764626777174, 'm': False}
2025-12-01 22:06:17 [DEBUG] [perp] Payload: {'e': 'aggTrade', 'E': 1764626777180, 'a': 2990357569, 's': 'BTCUSDT', 'p': '86685.10', 'q': '0.002', 'f': 6961039993, 'l': 6961039993, 'T': 1764626777174, 'm': False}
2025-12-01 22:06:17 [DEBUG] [perp] Payload: {'e': 'aggTrade', 'E': 1764626777195, 'a': 2990357570, 's': 'BTCUSDT', 'p': '86685.30', 'q': '0.068', 'f': 6961039994, 'l': 6961039995, 'T': 1764626777174, 'm': False}
2025-12-01 22:06:17 [DEBUG] [spot] Payload: {'e': 'aggTrade', 'E': 1764626777221, 's': 'BTCUSDT', 'a': 3768454615, 'p': '86727.57000000', 'q': '0.00012000', 'f': 5591624038, 'l': 5591624039, 'T': 1764626777221, 'm': False, 'M': True}
2025-12-01 22:06:17 [DEBUG] [spot] Payload: {'e': 'aggTrade', 'E': 1764626777221, 's': 'BTCUSDT', 'a': 3768454616, 'p': '86727.58000000', 'q': '0.00012000', 'f': 5591624040, 'l': 5591624041, 'T': 1764626777221, 'm': False, 'M': True}
2025-12-01 22:06:17 [DEBUG] [spot] Payload: {'e': 'aggTrade', 'E': 1764626777221, 's': 'BTCUSDT', 'a': 3768454617, 'p': '86727.62000000', 'q': '0.00018000', 'f': 5591624042, 'l': 5591624044, 'T': 1764626777221, 'm': False, 'M': True}
2025-12-01 22:06:17 [DEBUG] [spot] Payload: {'e': 'aggTrade', 'E': 1764626777221, 's': 'BTCUSDT', 'a': 3768454618, 'p': '86727.77000000', 'q': '0.01035000', 'f': 5591624045, 'l': 5591624046, 'T': 1764626777221, 'm': False, 'M': True}
2025-12-01 22:06:17 [DEBUG] [spot] Payload: {'e': 'aggTrade', 'E': 1764626777221, 's': 'BTCUSDT', 'a': 3768454619, 'p': '86728.00000000', 'q': '0.00012000', 'f': 5591624047, 'l': 5591624047, 'T': 1764626777221, 'm': True, 'M': True}
2025-12-01 22:06:17 [DEBUG] [perp] Payload: {'e': 'aggTrade', 'E': 1764626777346, 'a': 2990357571, 's': 'BTCUSDT', 'p': '86685.40', 'q': '0.235', 'f': 6961039996, 'l': 6961040001, 'T': 1764626777191, 'm': False}
2025-12-01 22:06:17 [DEBUG] [spot] Payload: {'e': 'aggTrade', 'E': 1764626777405, 's': 'BTCUSDT', 'a': 3768454620, 'p': '86730.41000000', 'q': '0.00057000', 'f': 5591624048, 'l': 5591624049, 'T': 1764626777405, 'm': False, 'M': True}
2025-12-01 22:06:17 [DEBUG] [perp] Payload: {'e': 'aggTrade', 'E': 1764626777444, 'a': 2990357572, 's': 'BTCUSDT', 'p': '86685.30', 'q': '0.006', 'f': 6961040002, 'l': 6961040002, 'T': 1764626777398, 'm': True}
2025-12-01 22:06:17 [DEBUG] [spot] Payload: {'e': 'aggTrade', 'E': 1764626777564, 's': 'BTCUSDT', 'a': 3768454621, 'p': '86730.40000000', 'q': '0.00291000', 'f': 5591624050, 'l': 5591624050, 'T': 1764626777563, 'm': True, 'M': True}
2025-12-01 22:06:17 [DEBUG] [perp] Payload: {'e': 'aggTrade', 'E': 1764626777579, 'a': 2990357573, 's': 'BTCUSDT', 'p': '86685.40', 'q': '0.010', 'f': 6961040003, 'l': 6961040003, 'T': 1764626777442, 'm': False}
2025-12-01 22:06:17 [DEBUG] [spot] Payload: {'e': 'aggTrade', 'E': 1764626777585, 's': 'BTCUSDT', 'a': 3768454622, 'p': '86730.41000000', 'q': '0.00010000', 'f': 5591624051, 'l': 5591624051, 'T': 1764626777585, 'm': False, 'M': True}
2025-12-01 22:06:17 [DEBUG] [perp] Payload: {'e': 'aggTrade', 'E': 1764626777706, 'a': 2990357574, 's': 'BTCUSDT', 'p': '86685.30', 'q': '0.014', 'f': 6961040004, 'l': 6961040005, 'T': 1764626777578, 'm': True}
2025-12-01 22:06:17 [DEBUG] [spot] Payload: {'e': 'aggTrade', 'E': 1764626777735, 's': 'BTCUSDT', 'a': 3768454623, 'p': '86730.40000000', 'q': '0.00274000', 'f': 5591624052, 'l': 5591624052, 'T': 1764626777735, 'm': True, 'M': True}
2025-12-01 22:06:17 [DEBUG] [spot] Payload: {'e': 'aggTrade', 'E': 1764626777756, 's': 'BTCUSDT', 'a': 3768454624, 'p': '86730.41000000', 'q': '0.00020000', 'f': 5591624053, 'l': 5591624053, 'T': 1764626777756, 'm': False, 'M': True}
2025-12-01 22:06:17 [DEBUG] [perp] Payload: {'e': 'aggTrade', 'E': 1764626777857, 'a': 2990357575, 's': 'BTCUSDT', 'p': '86685.30', 'q': '0.002', 'f': 6961040006, 'l': 6961040006, 'T': 1764626777703, 'm': True}
2025-12-01 22:06:18 [DEBUG] [perp] Payload: {'e': 'aggTrade', 'E': 1764626778025, 'a': 2990357576, 's': 'BTCUSDT', 'p': '86685.30', 'q': '0.009', 'f': 6961040007, 'l': 6961040008, 'T': 1764626777931, 'm': True}
2025-12-01 22:06:18 [DEBUG] [spot] Payload: {'e': 'aggTrade', 'E': 1764626778037, 's': 'BTCUSDT', 'a': 3768454625, 'p': '86730.41000000', 'q': '0.00023000', 'f': 5591624054, 'l': 5591624054, 'T': 1764626778037, 'm': False, 'M': True}
2025-12-01 22:06:18 [DEBUG] [perp] Payload: {'e': 'aggTrade', 'E': 1764626778128, 'a': 2990357577, 's': 'BTCUSDT', 'p': '86685.40', 'q': '0.002', 'f': 6961040009, 'l': 6961040009, 'T': 1764626778022, 'm': False}
2025-12-01 22:06:18 [DEBUG] [perp] Payload: {'e': 'aggTrade', 'E': 1764626778144, 'a': 2990357578, 's': 'BTCUSDT', 'p': '86685.30', 'q': '0.003', 'f': 6961040010, 'l': 6961040011, 'T': 1764626778126, 'm': True}
2025-12-01 22:06:18 [DEBUG] [perp] Payload: {'e': 'aggTrade', 'E': 1764626778147, 'a': 2990357579, 's': 'BTCUSDT', 'p': '86685.40', 'q': '0.005', 'f': 6961040012, 'l': 6961040012, 'T': 1764626778141, 'm': False}
2025-12-01 22:06:18 [DEBUG] [spot] Payload: {'e': 'aggTrade', 'E': 1764626778166, 's': 'BTCUSDT', 'a': 3768454626, 'p': '86730.41000000', 'q': '0.00006000', 'f': 5591624055, 'l': 5591624055, 'T': 1764626778166, 'm': False, 'M': True}
2025-12-01 22:06:18 [DEBUG] [perp] Payload: {'e': 'aggTrade', 'E': 1764626778185, 'a': 2990357580, 's': 'BTCUSDT', 'p': '86685.30', 'q': '0.140', 'f': 6961040013, 'l': 6961040016, 'T': 1764626778144, 'm': True}
2025-12-01 22:06:18 [DEBUG] [perp] Payload: {'e': 'aggTrade', 'E': 1764626778211, 'a': 2990357581, 's': 'BTCUSDT', 'p': '86685.40', 'q': '0.011', 'f': 6961040017, 'l': 6961040017, 'T': 1764626778182, 'm': False}
2025-12-01 22:06:18 [DEBUG] [perp] Payload: {'e': 'aggTrade', 'E': 1764626778285, 'a': 2990357582, 's': 'BTCUSDT', 'p': '86685.30', 'q': '0.010', 'f': 6961040018, 'l': 6961040019, 'T': 1764626778210, 'm': True}
2025-12-01 22:06:18 [DEBUG] [perp] Payload: {'e': 'aggTrade', 'E': 1764626778326, 'a': 2990357583, 's': 'BTCUSDT', 'p': '86685.40', 'q': '0.014', 'f': 6961040020, 'l': 6961040020, 'T': 1764626778284, 'm': False}
2025-12-01 22:06:18 [DEBUG] [perp] Payload: {'e': 'aggTrade', 'E': 1764626778357, 'a': 2990357584, 's': 'BTCUSDT', 'p': '86685.30', 'q': '0.011', 'f': 6961040021, 'l': 6961040021, 'T': 1764626778324, 'm': True}
2025-12-01 22:06:18 [DEBUG] [spot] Payload: {'e': 'aggTrade', 'E': 1764626778396, 's': 'BTCUSDT', 'a': 3768454627, 'p': '86730.41000000', 'q': '0.02922000', 'f': 5591624056, 'l': 5591624074, 'T': 1764626778396, 'm': False, 'M': True}
2025-12-01 22:06:18 [DEBUG] [spot] Payload: {'e': 'aggTrade', 'E': 1764626778505, 's': 'BTCUSDT', 'a': 3768454628, 'p': '86730.40000000', 'q': '0.00024000', 'f': 5591624075, 'l': 5591624075, 'T': 1764626778505, 'm': True, 'M': True}
2025-12-01 22:06:18 [DEBUG] [perp] Payload: {'e': 'aggTrade', 'E': 1764626778508, 'a': 2990357585, 's': 'BTCUSDT', 'p': '86685.40', 'q': '0.006', 'f': 6961040022, 'l': 6961040023, 'T': 1764626778355, 'm': False}
2025-12-01 22:06:18 [DEBUG] [spot] Payload: {'e': 'aggTrade', 'E': 1764626778549, 's': 'BTCUSDT', 'a': 3768454629, 'p': '86730.41000000', 'q': '0.00054000', 'f': 5591624076, 'l': 5591624079, 'T': 1764626778549, 'm': False, 'M': True}
2025-12-01 22:06:18 [DEBUG] [spot] Payload: {'e': 'aggTrade', 'E': 1764626778580, 's': 'BTCUSDT', 'a': 3768454630, 'p': '86730.41000000', 'q': '0.00971000', 'f': 5591624080, 'l': 5591624080, 'T': 1764626778580, 'm': False, 'M': True}
2025-12-01 22:06:18 [DEBUG] [spot] Payload: {'e': 'aggTrade', 'E': 1764626778703, 's': 'BTCUSDT', 'a': 3768454631, 'p': '86730.41000000', 'q': '0.00921000', 'f': 5591624081, 'l': 5591624081, 'T': 1764626778703, 'm': False, 'M': True}
2025-12-01 22:06:18 [DEBUG] [spot] Payload: {'e': 'aggTrade', 'E': 1764626778704, 's': 'BTCUSDT', 'a': 3768454632, 'p': '86730.41000000', 'q': '0.00864000', 'f': 5591624082, 'l': 5591624082, 'T': 1764626778703, 'm': False, 'M': True}
2025-12-01 22:06:18 [DEBUG] [spot] Payload: {'e': 'aggTrade', 'E': 1764626778704, 's': 'BTCUSDT', 'a': 3768454633, 'p': '86730.41000000', 'q': '0.01152000', 'f': 5591624083, 'l': 5591624085, 'T': 1764626778703, 'm': False, 'M': True}
2025-12-01 22:06:18 [DEBUG] [spot] Payload: {'e': 'aggTrade', 'E': 1764626778704, 's': 'BTCUSDT', 'a': 3768454634, 'p': '86730.41000000', 'q': '0.01152000', 'f': 5591624086, 'l': 5591624086, 'T': 1764626778704, 'm': False, 'M': True}
2025-12-01 22:06:18 [DEBUG] [spot] Payload: {'e': 'aggTrade', 'E': 1764626778704, 's': 'BTCUSDT', 'a': 3768454635, 'p': '86730.41000000', 'q': '0.01301000', 'f': 5591624087, 'l': 5591624087, 'T': 1764626778704, 'm': False, 'M': True}
2025-12-01 22:06:18 [DEBUG] [spot] Payload: {'e': 'aggTrade', 'E': 1764626778704, 's': 'BTCUSDT', 'a': 3768454636, 'p': '86730.41000000', 'q': '0.01152000', 'f': 5591624088, 'l': 5591624088, 'T': 1764626778704, 'm': False, 'M': True}
2025-12-01 22:06:18 [DEBUG] [spot] Payload: {'e': 'aggTrade', 'E': 1764626778704, 's': 'BTCUSDT', 'a': 3768454637, 'p': '86730.41000000', 'q': '0.01152000', 'f': 5591624089, 'l': 5591624089, 'T': 1764626778704, 'm': False, 'M': True}
2025-12-01 22:06:18 [DEBUG] [perp] Payload: {'e': 'aggTrade', 'E': 1764626778603, 'a': 2990357586, 's': 'BTCUSDT', 'p': '86685.40', 'q': '0.001', 'f': 6961040024, 'l': 6961040024, 'T': 1764626778523, 'm': False}
2025-12-01 22:06:18 [DEBUG] [perp] Payload: {'e': 'aggTrade', 'E': 1764626778755, 'a': 2990357587, 's': 'BTCUSDT', 'p': '86685.30', 'q': '0.035', 'f': 6961040025, 'l': 6961040026, 'T': 1764626778601, 'm': True}
2025-12-01 22:06:18 [DEBUG] [spot] Payload: {'e': 'aggTrade', 'E': 1764626778849, 's': 'BTCUSDT', 'a': 3768454638, 'p': '86730.40000000', 'q': '0.00104000', 'f': 5591624090, 'l': 5591624090, 'T': 1764626778849, 'm': True, 'M': True}
2025-12-01 22:06:18 [DEBUG] [perp] Payload: {'e': 'aggTrade', 'E': 1764626778853, 'a': 2990357588, 's': 'BTCUSDT', 'p': '86685.30', 'q': '0.002', 'f': 6961040027, 'l': 6961040027, 'T': 1764626778762, 'm': True}
2025-12-01 22:06:19 [DEBUG] [perp] Payload: {'e': 'aggTrade', 'E': 1764626778913, 'a': 2990357589, 's': 'BTCUSDT', 'p': '86685.40', 'q': '0.008', 'f': 6961040028, 'l': 6961040028, 'T': 1764626778852, 'm': False}
2025-12-01 22:06:19 [DEBUG] [perp] Payload: {'e': 'aggTrade', 'E': 1764626778940, 'a': 2990357590, 's': 'BTCUSDT', 'p': '86685.30', 'q': '0.163', 'f': 6961040030, 'l': 6961040030, 'T': 1764626778911, 'm': True}
2025-12-01 22:06:19 [DEBUG] [perp] Payload: {'e': 'aggTrade', 'E': 1764626778983, 'a': 2990357591, 's': 'BTCUSDT', 'p': '86685.40', 'q': '0.011', 'f': 6961040031, 'l': 6961040031, 'T': 1764626778939, 'm': False}
